% This file was created with JabRef 2.8.1.
% Encoding: Cp1252

@incollection{hinterwalder2014full,
  title={Full-size high-security ECC implementation on MSP430 microcontrollers},
  author={Hinterw{\"a}lder, Gesine and Moradi, Amir and Hutter, Michael and Schwabe, Peter and Paar, Christof},
  booktitle={Progress in Cryptology -- LATINCRYPT 2014},
  pages={31--47},
  year={2014},
  publisher={Springer}
}

@incollection{bernstein2006curve25519,
  title={{Curve25519: new Diffie-Hellman speed records}},
  author={Bernstein, Daniel J},
  booktitle={Public Key Cryptography -- PKC 2006},
  pages={207--228},
  year={2006},
  publisher={Springer}
}

@article{karatsubaMul,
author = {A. Karatsuba and Y. Ofman},
title = {{Multiplication of Many-Digital Numbers by Automatic Computers}},
year = {1963},
journal = {Nauk SSSR},
pages = {293-294}
}

@MISC{SOInt,
  author = {Maarten Bodewes},
  title = {{Stackoverflow: Simulate int variables with byte or short}},
  note = {\url{https://stackoverflow.com/questions/13947638/simulate-int-variables-with-byte-or-short}},
  date-added = {2013-05-05 12:53:02 +0000},
  date-modified = {2013-05-05 12:53:02 +0000},
  owner = {david},
  timestamp = {2013.04.16}
}


@incollection{PresentCipher,
	year={2007},
	isbn={978-3-540-74734-5},
	booktitle={CHES'07},
	volume={4727},
	series={LNCS},
	editor={Paillier, Pascal and Verbauwhede, Ingrid},
	doi={10.1007/978-3-540-74735-2_31},
	title={{PRESENT: An Ultra-Lightweight Block Cipher}},
	url={http://dx.doi.org/10.1007/978-3-540-74735-2_31},
	publisher={Springer},
	author={Bogdanov, A. and Knudsen, L.R. and Leander, G. and Paar, C. and Poschmann, A. and Robshaw, M.J.B. and Seurin, Y. and Vikkelsoe, C.},
	pages={450-466},
	language={English}
}

@book{Cohen:2012:HEH:2463153,
 author = {Cohen, Henri and Frey, Gerhard and Avanzi, Roberto and Doche, Christophe and Lange, Tanja and Nguyen, Kim and Vercauteren, Frederik},
 title = {Handbook of Elliptic and Hyperelliptic Curve Cryptography, Second Edition},
 year = {2012},
 isbn = {1439840008, 9781439840009},
 edition = {2nd},
 publisher = {Chapman \& Hall/CRC},
} 

@INPROCEEDINGS{wistp11,
  author = {Alessandro Barenghi and Gerardo Pelosi and Yannick Teglia},
  title = {Information Leakage Discovery Techniques to Enhance Secure Chip Design},
  booktitle = {WISTP},
  year = {2011},
  pages = {128-143},
  bibsource = {DBLP, http://dblp.uni-trier.de},
  crossref = {DBLP:conf/wistp/2011},
  ee = {http://dx.doi.org/10.1007/978-3-642-21040-2_9}
}

@INPROCEEDINGS{OGOP2004,
  author = {Siddika Berna {\"O}rs and Frank K. G{\"u}rkaynak and Elisabeth Oswald
	and Bart Preneel},
  title = {Power-{A}nalysis {A}ttack on an {ASIC} {AES} {I}mplementation},
  booktitle = {Proceedings of {ITCC}~2004},
  year = {2004},
  pages = {546--552},
  publisher = {IEEE Computer Society}
}

@INPROCEEDINGS{OrsOP03,
  author = {Siddika Berna {\"O}rs and Elisabeth Oswald and Bart Preneel},
  title = {{Power-Analysis Attacks on an FPGA - First Experimental Results}},
  booktitle = {CHES'03},
  year = {2003},
  volume = {2779},
  series = {LNCS},
  pages = {35-50},
  publisher = {Springer}
}

@INPROCEEDINGS{attackers91,
  author = {D. Abraham and G. Dolan and G. Double and J. Stevens},
  title = {{Transaction Security System}},
  booktitle = {IBM Systems Journal 30},
  year = {1991},
  pages = {206-229}
}

@INPROCEEDINGS{keeloq_joc10,
  author = {Aerts, Wim and Biham, Eli and De Moiti\'{e}, Dieter and De Mulder,
	Elke and Dunkelman, Orr and Indesteege, Sebastiaan and Keller, Nathan
	and Preneel, Bart and Vandenbosch, Guy and Verbauwhede, Ingrid},
  title = {{A Practical Attack on KeeLoq}},
  year = {2010},
  pages = {1-22},
  publisher = {Springer New York},
  issn = {0933-2790},
  journal = {Journal of Cryptology},
  owner = {david},
  timestamp = {2013.04.16}
}

@ARTICLE{Agosta2010,
  author = {Giovanni Agosta and Alessandro Barenghi and Fabrizio De Santis and
	Gerardo Pelosi},
  title = {{Record Setting Software Implementation of DES Using CUDA}},
  journal = {Information Technology: New Generations, Third International Conference
	on},
  year = {2010},
  pages = {748-755}
}

@inproceedings{Biham1997,
 author = {Biham, Eli},
 title = {{A Fast New DES Implementation in Software}},
 booktitle = {Proceedings of the 4th International Workshop on Fast Software Encryption},
 series = {FSE'97},
 year = {1997},
 isbn = {3-540-63247-6},
 pages = {260--272},
 numpages = {13},
 acmid = {757246},
 publisher = {Springer},
 address = {London, UK},
} 


@INPROCEEDINGS{AgrawalARR02,
  author = {Agrawal,, Dakshi and Archambeault,, Bruce and Rao,, Josyula R. and
	Rohatgi,, Pankaj},
  title = {The {EM} {S}ide-{C}hannel(s)},
  booktitle = {Cryptographic Hardware and Embedded Systems -- CHES'02},
  year = {2003},
  series = {LNCS},
  pages = {29--45},
  publisher = {Springer},
  isbn = {3-540-00409-2},
  owner = {david},
  timestamp = {2013.04.16}
}

@MANUAL{SaseboB,
  title = {{Side-channel Attack Standard Evaluation Board SASEBO-B Specification}},
  author = {AIST},
  year = {2008},
  note = {\url{http://www.risec.aist.go.jp/project/sasebo/download/SASEBO-B\_Spec\_Ver1.0\_English.pdf}},
  owner = {pawel},
  timestamp = {2012.09.20}
}

@inproceedings{CIA10,
  author    = {J{\"o}rn-Marc Schmidt and
               Michael Tunstall and
               Roberto Maria Avanzi and
               Ilya Kizhvatov and
               Timo Kasper and
               David Oswald},
  title     = {{Combined Implementation Attack Resistant Exponentiation}},
  booktitle = {LATINCRYPT'10},
  publisher = {Springer},
  year      = {2010},
  pages     = {305-322},
  series    = {LNCS},
  volume    = {6212},
  isbn      = {978-3-642-14711-1},
}

@INPROCEEDINGS{KasperKOZP-2013-rfidsec,
  author        = {Kasper, Timo and K\"{u}hn, Alexander and Oswald, David and Zenger, Christian and Paar, Christof},
  title         = {{Rights Management with NFC Smartphones and Electronic ID Cards: A Proof of Concept for Modern Car Sharing}},
  booktitle     = {Workshop on RFID Security -- RFIDSec'13},
  year          = {2013},
  editor        = {},
  volume        = {},
  series        = {LNCS},
  pages         = {},
  month         = {July},
  address       = {Graz, Austria},
  organization  = {},
  publisher     = {Springer},
  pdf           = {},
}

@inproceedings{RenauldS09,
  author    = {Mathieu Renauld and
               Fran\c{c}ois-Xavier Standaert},
  title     = {{Algebraic Side-Channel Attacks}},
  year      = {2009},
  pages     = {393-410},
  
  editor    = {Feng Bao and
               Moti Yung and
               Dongdai Lin and
               Jiwu Jing},
  booktitle = {5th International Conference on Information Security and Cryptology -- Inscrypt'09},
  publisher = {Springer},
  series    = {LNCS},
  volume    = {6151},
  isbn      = {978-3-642-16341-8},
}


@INPROCEEDINGS{amiel07,
  author = {Amiel, Frederic and Villegas, Karine and Feix, Benoit and Marcel,
	Louis},
  title = {{Passive and Active Combined Attacks: Combining Fault Attacks and
	Side Channel Analysis}},
  booktitle = {Proceedings of the Workshop on Fault Diagnosis and Tolerance
	in Cryptography -- FDTC '07},
  year = {2007},
  pages = {92--102},
  address = {Washington, DC, USA},
  publisher = {IEEE Computer Society},
  bdsk-url-1 = {http://dx.doi.org/10.1109/FDTC.2007.10},
  doi = {http://dx.doi.org/10.1109/FDTC.2007.10},
  owner = {david},
  timestamp = {2013.04.16}
}

@MANUAL{ad8058_datatsheet,
  title = {{AD8058 Dual, High Performance Voltage Feedback 325 MHz Amplifier
	Datasheet}},
  author = {{Analog Devices, Inc.}},
  year = {2009},
  bdsk-url-1 = {http://www.analog.com/static/imported-files/data_sheets/AD8057_8058.pdf},
  owner = {david},
  timestamp = {2009.08.12},
  note = {\url{http://www.analog.com/static/imported-files/data_sheets/AD8057_8058.pdf}}
}

@MANUAL{msp_datasheet,
  title = {{MSP430FR59xx Mixed-Signal Microcontrollers}},
  author = {{Texas Instruments}},
  year = {2016},
  bdsk-url-1 = {http://www.ti.com/lit/ds/symlink/msp430fr5969.pdf},
  owner = {david},
  note = {\url{http://www.ti.com/lit/ds/symlink/msp430fr5969.pdf}}
}



@MANUAL{ad9283_datasheet,
  title = {{AD9283: 8-Bit, 50 MSPS/80 MSPS/100 MSPS ADC Datasheet}},
  author = {{Analog Devices, Inc.}},
  year = {2009},
  bdsk-url-1 = {http://www.analog.com/static/imported-files/data_sheets/AD9283.pdf},
  owner = {david},
  timestamp = {2009.08.12},
  note = {\url{http://www.analog.com/static/imported-files/data_sheets/AD9283.pdf}}
}

@MANUAL{ad9708_datasheet,
  title = {{AD9708 8-Bit, 100 MSPS+ TxDAC D/A Converter Datasheet}},
  author = {{Analog Devices, Inc.}},
  year = {2009},
  bdsk-url-1 = {http://www.analog.com/static/imported-files/data_sheets/AD9708.pdf},
  owner = {david},
  timestamp = {2009.08.12},
  note = {\url{http://www.analog.com/static/imported-files/data_sheets/AD9708.pdf}}
}

@MANUAL{ad8045_datasheet,
  title = {{AD8045 Voltage Feedback High Speed Amplifier Datasheet}},
  author = {{Analog Devices, Inc.}},
  year = {2004},
  bdsk-url-1 = {http://www.analog.com/static/imported-files/data_sheets/AD8045.pdf},
  owner = {david},
  timestamp = {2009.08.12},
  note = {\url{http://www.analog.com/static/imported-files/data_sheets/AD8045.pdf}}
}

@incollection{crypto_paper_sv,
	year={2013},
	isbn={978-3-642-40040-7},
	booktitle={Advances in Cryptology -- CRYPTO'13},
	volume={8042},
	series={LNCS},
	editor={Canetti, Ran and Garay, Juan A.},
	doi={10.1007/978-3-642-40041-4_9},
	title={{Fuming Acid and Cryptanalysis: Handy Tools for Overcoming a Digital Locking and Access Control System}},
	url={http://dx.doi.org/10.1007/978-3-642-40041-4_9},
	publisher={Springer},
	author={Strobel, Daehyun and Driessen, Benedikt and Kasper, Timo and Leander, Gregor and Oswald, David and Schellenberg, Falk and Paar, Christof},
	pages={147-164}
}


@InProceedings{Strobel15,
  Title                    = {{SCANDALee: A Side-ChANnel-based DisAssembLer using Local Electromagnetic Emanations}},
  Author                   = {Daehyun Strobel and Florian Bache and David Oswald and Falk Schellenberg and Christof Paar},
  Booktitle                = {Design, Automation and Test in Europe -- DATE'15},
  Year                     = {2015},

  Owner                    = {david},
  Timestamp                = {2015.04.13},
  Url                      = {http://www.emsec.rub.de/media/crypto/veroeffentlichungen/2015/03/05/SCANDALee_.pdf}
}


@Electronic{Oswald11_1,
  Title                    = {{Breaking Mifare DESFire MF3ICD40: Power Analysis and Templates in the Real World --- Extended Version}},
  Author                   = {David Oswald and Christof Paar},
  HowPublished             = {available online},
  Url                      = {http://www.emsec.rub.de/media/crypto/veroeffentlichungen/2011/10/10/desfire_2011_extended_1.pdf},
  Year                     = {2011},

  Owner                    = {david},
  Timestamp                = {2013.04.16}
}

@InProceedings{Oswald11_2,
  Title                    = {{Breaking Mifare DESFire MF3ICD40: Power Analysis and Templates in the Real World}},
  Author                   = {David Oswald and Christof Paar},
  Booktitle                = {Cryptographic Hardware and Embedded Systems -- CHES'11},
  Year                     = {2011},
  Pages                    = {207-222},
  Publisher                = {Springer},
  Series                   = {LNCS},
  Volume                   = {6917},

  Url                      = {http://www.emsec.rub.de/media/crypto/veroeffentlichungen/2011/10/10/desfire_2011_1.pdf}
}

@InProceedings{Oswald13_2,
  Title                    = {{Side-Channel Attacks on the Yubikey 2 One-Time Password Generator}},
  Author                   = {David Oswald and Bastian Richter and Christof Paar},
  Booktitle                = {16th International Symposium on Research in Attacks, Intrusions and Defenses -- RAID'13},
  Year                     = {2013},
  Editor                   = {Stolfo, Salvatore and Stavrou, Angelos and Wright, Charles},
  Pages                    = {202-222},
  Publisher                = {Springer},
  Series                   = {LNCS},
  Volume                   = {8145},

  Owner                    = {david},
  Timestamp                = {2013.04.16},
  Url                      = {http://www.emsec.rub.de/media/crypto/veroeffentlichungen/2014/02/04/paper_yubikey_sca.pdf}
}

@PhdThesis{OswaldPhD13,
  Title                    = {{Implementation Attacks: From Theory to Practice}},
  Author                   = {David Oswald},
  School                   = {Ruhr-University Bochum},
  Year                     = {2013},
  Month                    = {September},

  Owner                    = {david},
  Timestamp                = {2015.04.13},
  Url                      = {http://www.emsec.rub.de/media/crypto/veroeffentlichungen/2010/09/07/paper.pdf}
}

@Article{Strobel14,
  Title                    = {{Microcontrollers as (In)Security Devices for Pervasive Computing Applications}},
  Author                   = {Daehyun Strobel and David Oswald and Bastian Richter and Falk Schellenberg and Christof Paar},
  Journal                  = {Proceedings of the IEEE},
  Year                     = {2014},

  Month                    = {Aug},
  Number                   = {8},
  Pages                    = {1157-1173},
  Volume                   = {102},

  Doi                      = {10.1109/JPROC.2014.2325397},
  ISSN                     = {0018-9219},
  Url                      = {http://ieeexplore.ieee.org/stamp/stamp.jsp?tp=&arnumber=6826474&tag=1}
}

@InCollection{Oswald13_1,
  Title                    = {{When Reverse-Engineering Meets Side-Channel Analysis -- Digital Lockpicking in Practice}},
  Author                   = {David Oswald and Daehyun Strobel and Falk Schellenberg and Timo Kasper and Christof Paar},
  Booktitle                = {Selected Areas in Cryptography -- SAC'13},
  Publisher                = {Springer},
  Year                     = {2013},
  Series                   = {LNCS},

  Owner                    = {david},
  Timestamp                = {2013.04.16},
  Url                      = {https://www.hgi.rub.de/media/crypto/veroeffentlichungen/2013/09/26/paper.pdf}
}
@MISC{weapon11,
  author = {{ATK}},
  title = {{XM25 Counter Defilade Target Engagement System}},
  howpublished = {\url{http://www.atk.com/customer_solutions_missionsystems/documents/sw_iw_xm25.pdf}},
  month = {May},
  year = {2009},
  note = {Post ``FPGAs in interesting places - the XM25 Airburst Weapon System''
	by Saar Drimer on \url{www.fpgasecurity.com}}
}

@MANUAL{XMEGA,
  title = {{XMEGA Manual}},
  author = {Atmel},
  edition = {{Version A}}
}

@MANUAL{atmega163_ds,
  title = {{ATmega163 Datasheet}},
  author = {Atmel},
  year = {2003},
  owner = {david},
  timestamp = {2011.02.03},
  note = {\url{http://www.atmel.com/dyn/resources/prod_documents/doc1142.pdf}}
}

@MANUAL{baltech_ds,
  title = {{ID-engine Universal Contactless Smartcard and RFID Read Write Devices
	Datasheet}},
  author = {{Baltech}},
  year = {2007},
  bdsk-url-1 = {http://www.baltech.de/index.php?option=com_docman&task=doc_download&gid=56},
  owner = {david},
  timestamp = {2009.08.12},
  note = {\url{http://www.baltech.de/index.php?option=com_docman&task=doc_download&gid=56}}
}

@INPROCEEDINGS{Bao_breakingpublic,
  author = {F. Bao and R. H. Deng and Y. Han and A.Jeng and A. D. Narasimhalu
	and T. Ngair},
  title = {{Breaking Public Key Cryptosystems on Tamper Resistant Devices in
	the Presence of Transient Faults}},
  booktitle = {Proceedings of the 5th International Workshop on Security Protocols},
  year = {1997},
  pages = {115--124},
  publisher = {Springer},
  owner = {david},
  timestamp = {2010.02.04}
}

@INCOLLECTION{Bar12,
  author = {Bardou, Romain and Focardi, Riccardo and Kawamoto, Yusuke and Simionato,
	Lorenzo and Steel, Graham and Tsay, Joe-Kai},
  title = {Efficient Padding Oracle Attacks on Cryptographic Hardware},
  booktitle = {Advances in Cryptology -- CRYPTO'12},
  publisher = {Springer},
  year = {2012},
  editor = {Safavi-Naini, Reihaneh and Canetti, Ran},
  volume = {7417},
  series = {LNCS},
  pages = {608-625},
  bdsk-url-1 = {http://dx.doi.org/10.1007/978-3-642-32009-5_36},
  doi = {10.1007/978-3-642-32009-5_36},
  isbn = {978-3-642-32008-8},
  owner = {david},
  timestamp = {2013.04.16}
}

@INPROCEEDINGS{sinconf2010,
  author = {Barenghi, Alessandro and Pelosi, Gerardo and Teglia, Yannick},
  title = {{Improving first order differential power attacks through digital
	signal processing}},
  booktitle = {{ACM-SIGSAC International Conference on Security of Information and
	Networks}},
  year = {2010},
  pages = {124-133},
  publisher = {ACM}
}

@INPROCEEDINGS{pacemakerAttack, 
	author={Halperin, D. and Heydt-Benjamin, T.S. and Ransford, B. and Clark, S.S. and Defend, B. and Morgan, W. and Fu, K. and Kohno, T. and Maisel, W.H.}, 
	booktitle={IEEE Symposium on Security and Privacy -- SP'08}, 
	title={Pacemakers and Implantable Cardiac Defibrillators: Software Radio Attacks and Zero-Power Defenses}, 
	year={2008}, 
	pages={129-142}, 
	doi={10.1109/SP.2008.31}, 
	ISSN={1081-6011}
}

@INPROCEEDINGS{pca_dpa,
  author = {Batina, Lejla and Hogenboom, Jip and van Woudenberg, Jasper},
  title = {{Getting More from PCA: First Results of Using Principal Component
	Analysis for Extensive Power Analysis}},
  booktitle = {Topics in Cryptology -- CT-RSA'12},
  year = {2012},
  editor = {Dunkelman, Orr},
  volume = {7178},
  series = {LNCS},
  pages = {383-397},
  publisher = {Springer},
  owner = {david},
  timestamp = {2013.04.16}
}

@BOOK{Beck1988,
  title = {Pr{\"a}parationstechniken f{\"u}r die {F}ehleranalyse an integrierten
	{H}albleiterschaltungen},
  publisher = {{VCH Verlagsgesellschaft}},
  year = {1988},
  author = {Friedrich Beck},
  owner = {falk},
  timestamp = {2012.09.22}
}

@INPROCEEDINGS{Bellare96,
  author = {Bellare, Mihir and Canetti, Ran and Krawczyk, Hugo},
  title = {{Keying Hash Functions for Message Authentication}},
  booktitle = {Advances in Cryptology -- CRYPT0'96},
  year = {1996},
  series = {LNCS},
  pages = {1--15},
  address = {London, UK, UK},
  publisher = {Springer},
  isbn = {3-540-61512-1},
  numpages = {15}
}

@BOOK{fi_book_embeddeddevices,
  title = {{Fault Injection Techniques and Tools for Embedded Systems Reliability
	Evaluation}},
  publisher = {Kluwer Academic Publishers},
  year = {2003},
  author = {Alfredo Benso and Paolo Prinetto},
  owner = {david},
  timestamp = {2009.09.04}
}

@inproceedings{chari1999towards,
  title={Towards sound approaches to counteract power-analysis attacks},
  author={Chari, Suresh and Jutla, Charanjit S and Rao, Josyula R and Rohatgi, Pankaj},
  booktitle={Advances in Cryptology -- CRYPTO'99},
  pages={398--412},
  year={1999},
  organization={Springer}
}

@incollection{veyrat2012shuffling,
  title={Shuffling against side-channel attacks: A comprehensive study with cautionary note},
  author={Veyrat-Charvillon, Nicolas and Medwed, Marcel and Kerckhof, St{\'e}phanie and Standaert, Fran{\c{c}}ois-Xavier},
  booktitle={Advances in Cryptology -- ASIACRYPT'12},
  pages={740--757},
  year={2012},
  publisher={Springer}
}

@inproceedings{oswald2005side,
  title={{A side-channel analysis resistant description of the AES S-box}},
  author={Oswald, Elisabeth and Mangard, Stefan and Pramstaller, Norbert and Rijmen, Vincent},
  booktitle={Fast Software Encryption -- FSE'05},
  pages={413--423},
  year={2005},
  organization={Springer}
}

@incollection{oswald2006practical,
  title={{Practical second-order DPA attacks for masked smart card implementations of block ciphers}},
  author={Oswald, Elisabeth and Mangard, Stefan and Herbst, Christoph and Tillich, Stefan},
  booktitle={Topics in Cryptology -- CT-RSA'06},
  pages={192--207},
  year={2006},
  publisher={Springer}
}

@incollection{nikova2006threshold,
  title={Threshold implementations against side-channel attacks and glitches},
  author={Nikova, Svetla and Rechberger, Christian and Rijmen, Vincent},
  booktitle={Information and Communications Security},
  pages={529--545},
  year={2006},
  publisher={Springer}
}

@inproceedings{canright2008very,
  title={{A very compact "perfectly masked" S-box for AES}},
  author={Canright, David and Batina, Lejla},
  booktitle={Applied Cryptography and Network Security},
  pages={446--459},
  year={2008},
  organization={Springer}
}

@InProceedings{Schwabe17,
author="Schwabe, Peter
and Stoffelen, Ko",
editor="Avanzi, Roberto
and Heys, Howard",
title={{All the AES You Need on Cortex-M3 and M4}},
booktitle="Selected Areas in Cryptography -- SAC 2016",
year="2017",
publisher="Springer",
address="Cham",
pages="180--194",
isbn="978-3-319-69453-5"
}



@article{montgomery1987speeding,
  title={{Speeding the Pollard and elliptic curve methods of factorization}},
  author={Montgomery, Peter L},
  journal={Mathematics of computation},
  volume={48},
  number={177},
  pages={243--264},
  year={1987}
}

@inproceedings{joye2009protecting,
  title={{Protecting RSA against fault attacks: The embedding method}},
  author={Joye, Marc},
  booktitle={Fault Diagnosis and Tolerance in Cryptography FDTC'2009},
  pages={41--45},
  year={2009},
  organization={IEEE}
}

@INPROCEEDINGS{BihamShamir97,
  author = {Eli Biham and Adi Shamir},
  title = {{Differential Fault Analysis of Secret Key Cryptosystems}},
  booktitle = {Proceedings of the 17th Annual International Cryptology Conference
	on Advances in Cryptology -- CRYPTO'97},
  year = {1997},
  pages = {513 - 525},
  journal = {LNCS}
}

@ARTICLE{Blaze03,
  author = {Matt Blaze},
  title = {{Rights Amplification in Master-Keyed Mechanical Locks}},
  journal = {IEEE Security {\&} Privacy},
  year = {2003},
  volume = {1},
  pages = {24-32},
  number = {2},
  note = {\url{http://www.crypto.com/papers/mk.pdf}},
  owner = {david},
  timestamp = {2013.04.16}
}

@ARTICLE{kerckhoffs83,
  author = {Auguste Kerckhoffs},
  title = {{La cryptographie militaire}},
  journal = {Journal des sciences militaires},
  year = {1883},
  month = {January},
  volume = {IX},
  pages = {5-38},
  owner = {david},
  timestamp = {2013.04.16}
}

@INPROCEEDINGS{Bogd07,
  author = {Andrey Bogdanov},
  title = {{Attacks on the KeeLoq Block Cipher and Authentication Systems}},
  booktitle = {Workshop on RFID Security (RFIDSec'08)},
  year = {2007},
  note = {\url{rfidsec07.etsit.uma.es/slides/papers/paper-22.pdf}},
  owner = {david},
  timestamp = {2013.04.16}
}

@INPROCEEDINGS{BonehDemilloLipton97,
  author = {Boneh, Dan and Demillo, Richard A. and Lipton, Richard J.},
  title = {{On the Importance of Checking Computations}},
  booktitle = {Proceedings of Eurocrypt'97},
  year = {1997},
  pages = {37 - 51}
}

@INPROCEEDINGS{Bono2005,
  author = {Stephen C. Bono and Matthew Green and Adam Stubblefield and Ari Juels
	and Aviel D. Rubin and Michael Szydlo},
  title = {{Security analysis of a cryptographically-enabled RFID device}},
  booktitle = {Proceedings of the 14th conference on {USENIX} Security Symposium},
  volume = {14},
  year = {2005},
  publisher = {USENIX Association},
  note = {\url{http://www.usenix.org/events/sec05/tech/bono/bono.pdf}},
  owner = {david},
  timestamp = {2013.04.16}
}

@ARTICLE{BosOS09,
  author = {Joppe W. Bos and Dag Arne Osvik and Deian Stefan},
  title = {{Fast Implementations of AES on Various Platforms}},
  journal = {IACR Cryptology ePrint Archive},
  year = {2009},
  volume = {2009},
  pages = {501},
  bdsk-url-1 = {http://eprint.iacr.org/2009/501},
  owner = {david},
  timestamp = {2013.04.16},
  note = {\url{http://eprint.iacr.org/2009/501}}
}

@MISC{ibutton_attack,
  author = {Christian Brandt},
  title = {{Hacking iButtons}},
  howpublished = {Presentation at 27C3},
  year = {2010},
  owner = {david},
  timestamp = {2013.03.26},
  note = {\url{http://cribert.freeforge.net/27c3/ibsec.pdf}}
}

@MISC{dash7_wp,
  author = {{DASH7 Alliance Security Working Group}},
  title = {{DASH7 Security and Privacy, Part 1: Introduction}},
  howpublished = {Whitepaper},
  year = {2010},
  owner = {david},
  timestamp = {2013.03.26},
  note = {\url{www.dash7.org/whitepapers}}
}

@MISC{prouff_ches2013,
  author = {Emmanuel Prouf},
  title = {{Side Channel Attacks against Block Ciphers Implementations and Countermeasures}},
  howpublished = {Tutorial at CHES'13},
  year = {2013},
  owner = {david},
  timestamp = {2013.03.26},
  note = {\url{http://www.chesworkshop.org/ches2013/presentations/ProuffTutorialCHES2013.pdf}}
}



@INPROCEEDINGS{Brie04,
  author = {Eric Brier and Christophe Clavier and Francis Olivier},
  title = {{Correlation Power Analysis with a Leakage Model}.},
  booktitle = {Cryptographic Hardware and Embedded Systems -- CHES'04},
  year = {2004},
  editor = {Marc Joye and Jean-Jacques Quisquater},
  volume = {3156},
  series = {LNCS},
  pages = {16--29},
  publisher = {Springer},
  owner = {david},
  timestamp = {2013.04.16}
}

@ELECTRONIC{rsa_hack,
  author = {Peter Bright},
  month = {June},
  year = {2011},
  title = {{RSA finally comes clean: SecurID is compromised}},
  organization = {Ars Technica},
  note = {\url{http://arstechnica.com/security/2011/06/rsa-finally-comes-clean-securid-is-compromised/}},
  bdsk-url-1 = {http://arstechnica.com/security/2011/06/rsa-finally-comes-clean-securid-is-compromised/},
  owner = {david},
  timestamp = {2013.03.26}
}

@misc{ wiki:Pearson,
   author = {{Wikipedia}},
   title = {{Pearson product-moment correlation coefficient --- Wikipedia{,} The Free Encyclopedia}},
   year = "2016",
   url = "https://en.wikipedia.org/w/index.php?title=Pearson_product-moment_correlation_coefficient&oldid=702729237",
   note = "Online; accessed 14-March-2016, \url{https://en.wikipedia.org/w/index.php?title=Pearson_product-moment_correlation_coefficient&oldid=702729237}"
 }

@ELECTRONIC{brightsight_sideways,
  author = {Brightsight},
  year = {2010},
  title = {{Unique Tools from the Security Lab}},
  howpublished = {Website as of June 1, 2010},
  note = {\url{http://www.brightsight.com/tools/sideways}},
  owner = {david},
  timestamp = {2011.02.03}
}

@TECHREPORT{stuxnet,
  author = {William J. Broad and John Markoff and David E. Sanger},
  title = {{Israeli Test on Worm Called Crucial in Iran Nuclear Delay}},
  institution = {{New York Times}},
  year = {2011},
  month = {January},
  note = {\url{http://www.nytimes.com/2011/01/16/world/middleeast/16stuxnet.html}}
}

@MISC{BSI_Bio,
  author = {{BSI -- German Ministry of Security}},
  title = {{Security mechanisms in electronic ID documents}},
  howpublished = {\url{http://www.bsi.de/fachthem/epass/}},
  owner = {Timo},
  timestamp = {2009.07.21}
}

@MISC{BSI--GermanMinistryofSecurity,
  author = {{BSI -- German Ministry of Security}},
  title = {{Security mechanisms in electronic ID documents}},
  howpublished = {\url{http://www.bsi.de/fachthem/epass/}},
  owner = {Timo},
  timestamp = {2009.07.21}
}

@MISC{BSI--GermanMinistryofSecuritya,
  author = {{BSI -- German Ministry of Security}},
  title = {{Security mechanisms in electronic ID documents}},
  howpublished = {\url{http://www.bsi.de/fachthem/epass/}},
  owner = {Timo},
  timestamp = {2009.07.21}
}

@MISC{bsi_epass,
  author = {{BSI -- German Ministry of Security}},
  title = {{Technical Guideline TR--03110 Advanced Security Mechanisms for Machine
	Readable Travel Documents}},
  howpublished = {Website as of October 2010},
  month = {October},
  year = {2010},
  note = {\url{https://www.bsi.bund.de/SharedDocs/Downloads/EN/BSI/Publications/TechGuidelines/TR03110/TR-03110_v205_pdf.pdf?__blob=publicationFile}},
  owner = {do},
  timestamp = {2011.03.04}
}

@MISC{BSI--GermanMinistryofSecurity2010,
  author = {{BSI -- German Ministry of Security}},
  title = {{Technical Guideline TR--03110 Advanced Security Mechanisms for Machine
	Readable Travel Documents}},
  howpublished = {Website as of October 2010},
  month = {October},
  year = {2010},
  note = {\url{https://www.bsi.bund.de/SharedDocs/Downloads/EN/BSI/Publications/TechGuidelines/TR03110/TR-03110_v205_pdf.pdf?__blob=publicationFile}},
  owner = {do},
  timestamp = {2011.03.04}
}

@MISC{BSI--GermanMinistryofSecurity2008,
  author = {{BSI -- German Ministry of Security}},
  title = {{Mifare DESFire8 MF3ICD81 Public Evaluation Documentation}},
  howpublished = {Website as of October 2008},
  month = {October},
  year = {2008},
  owner = {do},
  timestamp = {2011.03.04}
}

@MISC{ev1_cert,
  author = {{BSI -- German Ministry of Security}},
  title = {{Mifare DESFire8 MF3ICD81 Public Evaluation Documentation}},
  howpublished = {Website as of October 2008},
  month = {October},
  year = {2008},
  owner = {do},
  timestamp = {2011.03.04}
}

@MASTERSTHESIS{da_dario,
  author = {Carluccio, Dario},
  title = {{Electromagnetic Side Channel Analysis for Embedded Crypto Devices}},
  school = {Ruhr-University Bochum},
  year = {2005},
  owner = {david},
  timestamp = {2013.04.16}
}

@INPROCEEDINGS{Chari2002,
  author = {Suresh Chari and Josyula R. Rao and Pankaj Rohatgi},
  title = {{Template Attacks}},
  booktitle = {Cryptographic Hardware and Embedded Systems -- CHES'02},
  year = {2002},
  editor = {Burton S. Kaliski Jr. and \c{C}etin Kaya Ko\c{c} and Christof Paar},
  volume = {2523},
  series = {LNCS},
  pages = {13--28},
  publisher = {Springer},
  owner = {david},
  timestamp = {2013.04.16}
}

@INPROCEEDINGS{Clavier2000,
  author = {Clavier, Christophe and Coron, Jean-S{\`e}bastien and Dabbous, Nora},
  title = {{Differential Power Analysis in the Presence of Hardware Countermeasures}},
  booktitle = {Cryptographic Hardware and Embedded Systems -- CHES'00},
  year = {2000},
  editor = {Ko\c{c}, \c{C}etin and Paar, Christof},
  volume = {1965},
  series = {LNCS},
  pages = {13--48},
  publisher = {Springer},
  affiliation = {Gemplus Card International Avenue du Pic de Bretagne BP 100 F-13881
	Gemenos France},
  bdsk-url-1 = {http://dx.doi.org/10.1007/3-540-44499-8_20},
  owner = {david},
  timestamp = {2013.04.16},
  url = {http://dx.doi.org/10.1007/3-540-44499-8_20}
}

@MISC{dpacontest,
  author = {{COMELEC department, T{\`e}l{\`e}com ParisTech}},
  title = {{DPA Contest v2}},
  howpublished = {Website as of February 2012},
  note = {\url{http://www.dpacontest.org/v2/index.php}},
  owner = {david},
  timestamp = {2012.02.28}
}

@MISC{fpgamarket08,
  author = {Olivier Coudert},
  title = {{Why FPGA startups keep failing}},
  year = {2009},
  note = {FPGA market shares according to Gartner Inc, 2008.}
}

@INPROCEEDINGS{Courtois2009,
  author = {Nicolas Courtois},
  title = {{The Dark Side of Security by Obscurity - and Cloning MiFare Classic
	Rail and Building Passes, Anywhere, Anytime}},
  booktitle = {SECRYPT},
  year = {2009},
  pages = {331-338},
  publisher = {INSTICC},
  owner = {Michael},
  timestamp = {2009.09.18}
}

@ARTICLE{Courtois2008,
  author = {Nicolas T. Courtois and Karsten Nohl and Sean O'Neil},
  title = {{Algebraic Attacks on the Crypto-1 Stream Cipher in MiFare Classic
	and Oyster Cards}},
  year = {2008},
  bdsk-url-1 = {http://eprint.iacr.org/2008/166},
  howpublished = {Cryptology ePrint Archive, Report 2008/166},
  owner = {david},
  timestamp = {2013.04.16},
  note = {\url{http://eprint.iacr.org/2008/166}}
}

@ELECTRONIC{rsa_blog,
  author = {Sam Curry},
  month = {June},
  year = {2012},
  title = {{Don't Believe Everything You Read... Your RSA SecurID Token is Not
	Cracked}},
  howpublished = {blog entry},
  organization = {RSA},
  note = {\url{http://blogs.rsa.com/dont-believe-everything-you-read-your-rsa-securid-token-is-not-cracked/}},
  bdsk-url-1 = {http://blogs.rsa.com/dont-believe-everything-you-read-your-rsa-securid-token-is-not-cracked/},
  owner = {david},
  timestamp = {2013.03.26}
}

@MISC{CzechRailways2011,
  author = {{Czech Railways}},
  title = {{In-karta}},
  howpublished = {Website as of March 2011},
  month = {March},
  year = {2011},
  note = {\url{http://www.inkarta.cz/eng-co-je-inkarta.aspx}},
  owner = {do},
  timestamp = {2011.03.04}
}

@MISC{inkarta,
  author = {{Czech Railways}},
  title = {{In-karta}},
  howpublished = {Website as of March 2011},
  month = {March},
  year = {2011},
  note = {\url{http://www.inkarta.cz/eng-co-je-inkarta.aspx}},
  owner = {do},
  timestamp = {2011.03.04}
}

@TECHREPORT{Drimer08,
  author = {Saar Drimer},
  title = {{Security for volatile FPGAs}},
  institution = {University of Cambridge, Computer Laboratory},
  year = {2009},
  number = {UCAM-CL-TR-763},
  month = {Novembre},
  note = {{ISSN} 1476-2986 \url{http://www.cl.cam.ac.uk/techreports/UCAM-CL-TR-763.pdf}}
}

@MISC{dpacontest_debrief,
  author = {Dr. Guillaume Duc},
  title = {{DPA Contest v2 -- Final Debriefing}},
  howpublished = {Special session at COSADE'11},
  month = {February},
  year = {2011},
  owner = {david},
  timestamp = {2012.08.15}
}

@INPROCEEDINGS{Eis08,
  author = {Thomas Eisenbarth and Timo Kasper and Amir Moradi and Christof Paar
	and Mahmoud Salmasizadeh and Mohammad T. Manzuri Shalmani},
  title = {{On the Power of Power Analysis in the Real World: A Complete Break
	of the KeeLoq Code Hopping Scheme}.},
  booktitle = {Advances in Cryptology -- CRYPTO'08},
  year = {2008},
  volume = {5157},
  series = {LNCS},
  pages = {203--220},
  publisher = {Springer},
  owner = {david},
  timestamp = {2013.04.16}
}

@ARTICLE{Peeters07Power,
  author = {{Eric Peeters and Fran\c{c}ois-Xavier Standaert and Jean-Jacques
	Quisquater}},
  title = {{Power and Electromagnetic Analysis: Improved Model, Consequences
	and Comparisons}},
  journal = {Integr. VLSI J.},
  year = {2007},
  volume = {40},
  pages = {52-60},
  number = {1},
  bdsk-url-1 = {http://dx.doi.org/10.1016/j.vlsi.2005.12.013},
  doi = {http://dx.doi.org/10.1016/j.vlsi.2005.12.013},
  issn = {0167-9260},
  publisher = {Elsevier Science Publishers B. V.}
}

@MISC{usrp_n210,
  author = {{Ettus Research}},
  title = {{USRP N200/210 Networked Series}},
  year = {2012},
  note = {available at \url{https://www.ettus.com/content/files/07495_Ettus_N200-210_DS_Flyer_HR_1.pdf}},
  owner = {david},
  timestamp = {2012.09.20}
}

@MISC{Finke,
  author = {Thomas Finke and Harald Kelter},
  title = {{Radio Frequency Identification - Abh\"orm\"oglichkeiten der Kommunikation
	zwischen Leseger\"at und Transponder am Beispiel eines ISO14443-Systems}},
  owner = {Timo},
  timestamp = {2009.07.21}
}

@BOOK{Fink03,
  title = {{RFID} Handbook: Fundamentals and Applications in Contactless Smart
	Cards and Identification},
  publisher = {John Wiley and Sons},
  year = {2003},
  author = {Klaus Finkenzeller},
  edition = {2nd},
  owner = {Timo},
  timestamp = {2009.07.21}
}

@ARTICLE{Fournier03securityevaluation,
  author = {Jacques J. A. Fournier and Simon Moore and Huiyun Li and Robert Mullins
	and George Taylor},
  title = {{Security Evaluation of Asynchronous Circuits}},
  year = {2003},
  pages = {137-151},
  booktitle = {In Proceedings of Cryptographic Hardware and Embedded Systems --
	CHES'03},
  publisher = {Springer}
}

@INPROCEEDINGS{Tir02, 
	author={Tiri, K. and Akmal, M. and Verbauwhede, I.}, 
	booktitle={ Proceedings of the 28th European Solid-State Circuits Conference -- ESSCIRC'02.}, 
	title={{A dynamic and differential CMOS logic with signal independent power consumption to withstand differential power analysis on smart cards}}, 
	year={2002}, 
	pages={403-406}
}

@incollection{Wal03,
	year={2003},
	isbn={978-3-540-40833-8},
	booktitle={Cryptographic Hardware and Embedded Systems -- CHES'03},
	volume={2779},
	series={LNCS},
	editor={Walter, Colin D. and Ko\c{c}, \c{C}etin K. and Paar, Christof},
	doi={10.1007/978-3-540-45238-6_11},
	title={{Securing Encryption Algorithms against DPA at the Logic Level: Next Generation Smart Card Technology}},
	publisher={Springer},
	author={Tiri, Kris and Verbauwhede, Ingrid},
	pages={125-136}
}

@MISC{capkunrelay,
  author = {Aurelien Francillon and Boris Danev and Srdjan Capkun},
  title = {{Relay Attacks on Passive Keyless Entry and Start Systems in Modern
	Cars}},
  howpublished = {Cryptology ePrint Archive, Report 2010/332},
  year = {2010},
  note = {\url{http://eprint.iacr.org/}},
  owner = {david},
  timestamp = {2013.04.16}
}

@INPROCEEDINGS{friis46,
  author = {T. H. Friis},
  title = {{A Note on a Simple Transmission Formula}},
  booktitle = {Proceedings of the IRE},
  year = {1946},
  number = {34},
  owner = {do},
  timestamp = {2011.03.10}
}

@ARTICLE{cop08,
  author = {Tim G{\"u}neysu and Timo Kasper and Martin Novotn{\'y} and Christof
	Paar and Andy Rupp},
  title = {{Cryptanalysis with COPACOBANA}},
  journal = {{IEEE Transactions on Computers}},
  year = {2008},
  volume = {57},
  pages = {1498-1513},
  number = {11},
  ee = {http://dx.doi.org/10.1109/TC.2008.80}
}

@INPROCEEDINGS{Garcia2008,
  author = {Garcia, Flavio D. and Koning Gans, Gerhard and Muijrers, Ruben and
	Rossum, Peter and Verdult, Roel and Schreur, Ronny Wichers and Jacobs,
	Bart},
  title = {{Dismantling MIFARE Classic}},
  booktitle = {Proceedings of the 13th European Symposium on Research in Computer
	Security -- ESORICS 2008},
  year = {2008},
  series = {LNCS},
  pages = {97--114},
  publisher = {Springer},
  acmid = {1462465},
  isbn = {978-3-540-88312-8},
  location = {M\&\#225;laga, Spain},
  numpages = {18},
  owner = {david},
  timestamp = {2013.04.16}
}

@INPROCEEDINGS{dfa_pda,
  author = {Gebotys, Catherine and Ho, Simon and Tiu, C.},
  title = {{EM Analysis of Rijndael and ECC on a Wireless Java--Based PDA}},
  booktitle = {Cryptographic Hardware and Embedded Systems -- CHES'05},
  year = {2005},
  editor = {Rao, Josyula and Sunar, Berk},
  volume = {3659},
  series = {LNCS},
  pages = {250--264},
  publisher = {Springer},
  bdsk-url-1 = {http://dx.doi.org/10.1007/11545262_19},
  owner = {david},
  timestamp = {2013.04.16},
  url = {http://dx.doi.org/10.1007/11545262_19}
}

@INPROCEEDINGS{em_pda,
  author = {Gebotys, C.H. and Tiu, C.C. and Chen, X.},
  title = {{A countermeasure for EM attack of a wireless PDA}},
  booktitle = {ITCC 2005},
  year = {2005},
  volume = {1},
  pages = {544-549},
  publisher = {IEEE Computer Society}
}

@incollection{Cla10,
	year={2010},
	isbn={978-3-642-17649-4},
	booktitle={Information and Communications Security -- ICICS'10},
	volume={6476},
	series={LNCS},
	editor={Soriano, Miguel and Qing, Sihan and L\'{o}pez, Javier},
	doi={10.1007/978-3-642-17650-0_5},
	title={{Horizontal Correlation Analysis on Exponentiation}},
	url={http://dx.doi.org/10.1007/978-3-642-17650-0_5},
	publisher={Springer},
	author={Clavier, Christophe and Feix, Benoit and Gagnerot, Georges and Roussellet, Mylène and Verneuil, Vincent},
	pages={46-61}
}

@INPROCEEDINGS{GBTP08,
  author = {Benedikt Gierlichs and Lejla Batina and Pim Tuyls and Bart Preneel},
  title = {{Mutual Information Analysis -- A Generic Side-Channel Distinguisher}},
  booktitle = {Cryptographic Hardware and Embedded Systems -- CHES'08},
  year = {2008},
  editor = {Elisabeth Oswald and Pankaj Rohatgi},
  volume = {5154},
  series = {LNCS},
  pages = {426--442},
  publisher = {Springer},
  owner = {david},
  timestamp = {2013.04.16}
}

@MASTERSTHESIS{goldack08,
  author = {Martin Goldack},
  title = {{Side-Channel based Reverse Engineering for Microcontrollers}},
  school = {Ruhr-University Bochum},
  year = {2008},
  type = {Diploma thesis},
  note = {\url{https://www.emsec.rub.de/media/attachments/files/2012/10/da_goldack.pdf}},
  owner = {david},
  timestamp = {2013.02.28}
}

@MISC{grand04,
  author = {Joe Grand},
  title = {{Hardware Token Compromises}},
  howpublished = {Presentation at Black Hat USA 2004},
  year = {2004},
  bdsk-url-1 = {http://www.blackhat.com/presentations/bh-usa-04/bh-us-04-grand/grand_hardware_token_US04.pdf},
  owner = {david},
  timestamp = {2013.03.26},
  note = {\url{http://www.blackhat.com/presentations/bh-usa-04/bh-us-04-grand/grand_hardware_token_US04.pdf}}
}


@MISC{tarn10,
  author = {Christopher Tarnovsky},
  title = {{Deconstructing a 'Secure' Processor}},
  howpublished = {Presentation at Black Hat USA},
  year = {2010},
  owner = {david},
  timestamp = {2013.03.26},
  note = {\url{http://www.blackhat.com/html/bh-dc-10/bh-dc-10-speaker_bios.html#Tarnovsky}}
}


@MISC{Nohl10,
  author = {Karsten Nohl and Christopher Tarnovsky},
  title = {{Reviving smart card analysis}},
  howpublished = {Presentation at Chaos Communication Camp},
  year = {2011},
  owner = {david},
  timestamp = {2013.03.26},
  note = {\url{http://events.ccc.de/camp/2011/Fahrplan/attachments/1888_SRLabs-Reviving_Smart_Card_Analysis.pdf}}
}


@MISC{cri12,
  author = {Gary Kenworthy and Pankaj Rohatgi},
  title = {{Mobile Device Security: The case for side channel resistance}},
  howpublished = {Presentation at MOST'12},
  year = {2012},
  owner = {david},
  timestamp = {2013.03.26},
  note = {\url{http://mostconf.org/2012/slides/21.pdf}}
}

@INPROCEEDINGS{Kingpin,
  author = {Joe Grand},
  title = {{Attacks on and Countermeasures for USB Hardware Token Devices}},
  booktitle = {Proceedings of the Fifth  Nordic Workshop on Secure IT Systems Encouraging
	Cooperation},
  year = {2000},
  pages = {35-57},
  owner = {brichter},
  timestamp = {2012.12.18}
}

@INPROCEEDINGS{Hamid04thesorcerers,
  author = {Hagai Bar-El Hamid and Hamid Choukri and David Naccache and Michael
	Tunstall and Claire Whelan},
  title = {{The Sorcerer's Apprentice Guide to Fault Attacks}},
  booktitle = {Proceedings of the IEEE},
  year = {2006},
  volume = {94},
  owner = {david},
  timestamp = {2010.02.04}
}

@INPROCEEDINGS{Hancke2008,
  author = {G.P. Hancke},
  title = {{Eavesdropping Attacks on High-Frequency RFID Tokens}},
  booktitle = {Workshop on RFID Security -- RFIDSec'08},
  year = {2008},
  owner = {Timo},
  timestamp = {2010.02.20}
}

@MISC{Hancke2005,
  author = {Gerhard Hancke},
  title = {A Practical Relay Attack on {ISO 14443} Proximity Cards},
  howpublished = {\url{http://www.cl.cam.ac.uk/~gh275/relay.pdf}},
  year = {2005},
  owner = {Timo},
  timestamp = {2009.07.21}
}

@INPROCEEDINGS{Hancke2006,
  author = {G. P. Hancke},
  title = {{Practical Attacks on Proximity Identification Systems (Short Paper)}},
  booktitle = {Proceedings of SP'06},
  year = {2006},
  pages = {328--333},
  publisher = {IEEE Computer Society},
  owner = {Timo},
  timestamp = {2009.07.21}
}

@INPROCEEDINGS{HanKuh05,
  author = {Gerhard P. Hancke and Markus G. Kuhn},
  title = {An {RFID} Distance Bounding Protocol},
  booktitle = {Proceedings of IEEE/Create-Net SecureComm 2005},
  year = {2005},
  pages = {67-73},
  publisher = {IEEE Computer Society Press},
  owner = {Timo},
  timestamp = {2009.07.21}
}

@UNPUBLISHED{ecs9225,
  author = {David R. Hardoon and Sandor Szedmak and John Shawe-Taylor},
  title = {{Canonical Correlation Analysis; An Overview with Application to
	Learning Methods}},
  month = {May},
  year = {2003},
  bdsk-url-1 = {http://eprints.ecs.soton.ac.uk/9225/},
  owner = {david},
  timestamp = {2013.04.16},
  note = {\url{http://eprints.ecs.soton.ac.uk/9225/}}
}

@INPROCEEDINGS{sha1_dfa,
  author = {Hemme, Ludger and Hoffmann, Lars},
  title = {{Differential Fault Analysis on the SHA1 Compression Function}},
  booktitle = {Proceedings of the 2011 Workshop on Fault Diagnosis and Tolerance
	in Cryptography -- FDTC'11},
  year = {2011},
  series = {LNCS},
  pages = {54--62},
  address = {Washington, DC, USA},
  publisher = {IEEE Computer Society},
  numpages = {9}
}

@INPROCEEDINGS{Schramm04,
	author = {Kai Schramm and Gregor Leander and Patrick Felke and Christof Paar},
	title = {{A Collision-Attack on AES Combining Side channel- and Differential-Attack}},
	year = {2004},
	pages = {163--175},
	publisher = {Springer},
	booktitle = {Cryptographic Hardware and Embedded Systems -- CHES'04},
	year = {2007},
	editor = {Pascal Paillier and Ingrid Verbauwhede},
	volume = {3156},
	series = {LNCS}
}

@incollection{Bog07,
	year={2007},
	isbn={978-3-540-77359-7},
	booktitle={Selected Areas in Cryptography -- SAC'07},
	volume={4876},
	series={LNCS},
	editor={Adams, Carlisle and Miri, Ali and Wiener, Michael},
	doi={10.1007/978-3-540-77360-3_6},
	title={{Improved Side-Channel Collision Attacks on AES}},
	url={http://dx.doi.org/10.1007/978-3-540-77360-3_6},
	publisher={Springer},
	author={Bogdanov, Andrey},
	pages={84-95}
}

@INPROCEEDINGS{shacal_dfa, 
    title={{Differential Fault Analysis on SHACAL-1}}, 
	author={Ruilin Li and Chao Li and Chunye Gong}, 
	booktitle = {Proceedings of the 2009 Workshop on Fault Diagnosis and Tolerance in Cryptography -- FDTC'09},
	year={2009}, 
	pages={120-126}, 
	address = {Washington, DC, USA},
	publisher = {IEEE Computer Society},
	doi={10.1109/FDTC.2009.41},
}

@MISC{bunnie_studios,
  author = {Andrew Huang},
  title = {{Hacking the PIC 18F1320}},
  year = {2005},
  note = {available at \url{http://www.bunniestudios.com/blog/?page_id=40},
	as of \today},
  owner = {falk},
  timestamp = {2012.09.20}
}

@INPROCEEDINGS{Hutter2007,
  author = {Michael Hutter and Stefan Mangard and Martin Feldhofer},
  title = {{Power and EM Attacks on Passive 13.56 MHz RFID Devices}},
  booktitle = {Cryptographic Hardware and Embedded Systems -- CHES'07},
  year = {2007},
  editor = {Pascal Paillier and Ingrid Verbauwhede},
  volume = {4727},
  series = {LNCS},
  pages = {320--330},
  publisher = {Springer},
  owner = {david},
  timestamp = {2013.04.16}
}

@MISC{iso15693,
  author = {{International Organization for Standardization}},
  title = {{ISO/IEC 15693-3: Identification Cards -- Contactless Integrated
	Circuit Cards -- Vicinity Cards -- Part 3: Anticollision and Transmission
	Protocol}},
  month = {April},
  year = {2009},
  owner = {do},
  timestamp = {2011.03.04}
}

@MISC{iso14443_2,
  author = {{International Organization for Standardization}},
  title = {{ISO/IEC 14443-3: Identification Cards -- Contactless Integrated
	Circuit(s) Cards -- Proximity Cards -- Part 2: Radio frequency power
	and signal interface}},
  month = {February},
  year = {2001},
  edition = {1st},
  owner = {david},
  timestamp = {2013.04.16}
}

@incollection{Gar12,
    year={2012},
    isbn={978-3-642-33166-4},
    booktitle={Computer Security -- ESORICS'12},
    volume={7459},
    series={LNCS},
    editor={Foresti, Sara and Yung, Moti and Martinelli, Fabio},
    doi={10.1007/978-3-642-33167-1_40},
    title={{Dismantling iClass and iClass Elite}},
    publisher={Springer Berlin Heidelberg},
    author={Garcia, Flavio D. and Koning Gans, Gerhard and Verdult, Roel and Meriac, Milosch},
    pages={697-715}
}


@MISC{iso14443_3,
  author = {{International Organization for Standardization}},
  title = {{ISO/IEC 14443-3: Identification Cards -- Contactless Integrated
	Circuit(s) Cards -- Proximity Cards -- Part 3: Initialization and
	Anticollision}},
  month = {February},
  year = {2001},
  edition = {1st},
  owner = {david},
  timestamp = {2013.04.16}
}

@MISC{iso14443_4,
  author = {{International Organization for Standardization}},
  title = {{ISO/IEC 14443-4: Identification cards -- Contactless Integrated
	Circuit(s) Cards -- Proximity Cards -- Part 4: Transmission Protocol}},
  month = {February},
  year = {2001},
  edition = {1st},
  owner = {david},
  timestamp = {2013.04.16}
}

@MISC{ISO180007,
  author = {{ISO/IEC 18000-7}},
  title = {{Radio frequency identification for item management -- Part 7: Parameters
	for active air interface communications at 433 MHz}},
  year = {2009},
  note = {\url{www.iso.org}}
}

@ELECTRONIC{opencard_cardless,
  author = {Tom Jones},
  month = {February},
  year = {2012},
  title = {{Prague's Opencard payment system now 'cardless'}},
  howpublished = {Website as of February 2012},
  note = {\url{http://www.ceskapozice.cz/en/business/companies/prague%E2%80%99s-opencard-payment-system-now-%E2%80%98cardless%E2%80%99}},
  owner = {david},
  timestamp = {2013.04.23}
}

@INPROCEEDINGS{Juels2005,
  author = {A. Juels and D. Molnar and D. Wagner},
  title = {{Security and Privacy Issues in E-Passports}},
  booktitle = {Proceedings of SecureComm'05},
  year = {2005},
  pages = {74--88},
  month = {September},
  publisher = {IEEE Computer Society},
  owner = {Timo},
  timestamp = {2009.07.21}
}

@INPROCEEDINGS{Blocker03,
  author = {Ari Juels and Ronald L. Rivest and Michael Szydlo},
  title = {{The blocker tag: selective blocking of RFID tags for consumer privacy}},
  booktitle = {{Proceedings of the 10th ACM Conference on Computer and Communications
	Security (CCS)}},
  year = {2003},
  pages = {103-111},
  owner = {david},
  timestamp = {2013.04.16}
}

@INPROCEEDINGS{Kas07,
  author = {Timo Kasper and Dario Carluccio and Christof Paar},
  title = {{An Embedded System for Practical Security Analysis of Contactless
	Smartcards}},
  booktitle = {{WISTP}},
  year = {2007},
  volume = {4462},
  series = {{LNCS}},
  pages = {150--160},
  publisher = {Springer},
  ee = {http://dx.doi.org/10.1007/978-3-540-72354-7_13},
  owner = {david},
  timestamp = {2013.04.16}
}

@INCOLLECTION{journal_fi_framework,
  author = {Kasper, Timo and Oswald, David and Paar, Christof},
  title = {{A Versatile Framework for Implementation Attacks on Cryptographic
	RFIDs and Embedded Devices}},
  booktitle = {Transactions on Computational Science X},
  publisher = {Springer},
  year = {2010},
  editor = {Gavrilova, Marina and Tan, C. and Moreno, Edward},
  volume = {6340},
  series = {LNCS},
  pages = {100--130},
  affiliation = {HGI, Ruhr-University Bochum, Germany},
  owner = {david},
  timestamp = {2013.04.16},
  url = {http://dx.doi.org/10.1007/978-3-642-17499-5_5}
}

@INPROCEEDINGS{Kasper2009,
  author = {Kasper, Timo and Oswald, David and Paar, Christof},
  title = {{EM Side--Channel Attacks on Commercial Contactless Smartcards Using
	Low-Cost Equipment}},
  booktitle = {10th International Workshop on Information Security Applications
	-- WISA'09},
  year = {2009},
  editor = {Youm, Heung Youl and Yung, Moti},
  series = {LNCS},
  pages = {79--93},
  publisher = {Springer},
  acmid = {1698110},
  bdsk-url-1 = {http://dx.doi.org/10.1007/978-3-642-10838-9_7},
  doi = {http://dx.doi.org/10.1007/978-3-642-10838-9_7},
  isbn = {978-3-642-10837-2},
  numpages = {15},
  owner = {david},
  timestamp = {2013.04.16}
}

@incollection{demod_rfidsec,
	year={2012},
	isbn={978-3-642-25285-3},
	booktitle={7th International Workshop on RFID Security and Privacy -- RFIDSec'11},
	volume={7055},
	series={LNCS},
	editor={Juels, Ari and Paar, Christof},
	doi={10.1007/978-3-642-25286-0_5},
	title={{Side-Channel Analysis of Cryptographic RFIDs with Analog Demodulation}},
	publisher={Springer},
	author={Kasper, Timo and Oswald, David and Paar, Christof},
	pages={61-77}
}

@INPROCEEDINGS{WirelessInTheWild,
  author = {Kasper, T. and Oswald, D. and Paar, C.},
  title = {{Wireless security threats: Eavesdropping and detecting of active
	RFIDs and remote controls in the wild}},
  booktitle = {19th International Conference on Software, Telecommunications and
	Computer Networks -- SoftCOM'11},
  year = {2011},
  pages = {1-6}
}

@incollection{icisc_chameleon,
	year={2011},
	isbn={978-3-642-24208-3},
	booktitle={Information Security and Cryptology -- ICISC'10},
	volume={6829},
	series={LNCS},
	editor={Rhee, Kyung-Hyune and Nyang, DaeHun},
	doi={10.1007/978-3-642-24209-0_13},
	title={Chameleon: A Versatile Emulator for Contactless Smartcards},
	publisher={Springer},
	author={Kasper, Timo and von Maurich, Ingo and Oswald, David and Paar, Christof},
	pages={189-206}
}


@MISC{Pick05,
  author = {Ziv Kfir and Avishai Wool},
  title = {Picking Virtual Pockets using Relay Attacks on Contactless Smartcard
	Systems},
  howpublished = {Cryptology ePrint Archive, Report 2005/052},
  year = {2005},
  note = {\url{http://eprint.iacr.org}},
  owner = {Timo},
  timestamp = {2009.07.21}
}

@INPROCEEDINGS{Kim2007,
  author = {Chong Hee Kim and Jean-Jacques Quisquater},
  title = {{Fault Attacks for CRT Based RSA: New Attacks, New Results, and New
	Countermeasures}},
  booktitle = {WISTP},
  year = {2007},
  pages = {215--228},
  bibsource = {DBLP, http://dblp.uni-trier.de},
  ee = {http://dx.doi.org/10.1007/978-3-540-72354-7_18},
  owner = {david},
  timestamp = {2009.08.10}
}

@INPROCEEDINGS{Kirschenbaum2006,
  author = {Ilan Kirschenbaum and Avishai Wool},
  title = {{How to Build a Low-Cost, Extended-Range {RFID} Skimmer}},
  booktitle = {USENIX Security Symposium},
  year = {2006},
  publisher = {USENIX Association},
  owner = {Michael},
  timestamp = {2009.09.18}
}

@INPROCEEDINGS{dpa_kocher,
  author = {Paul C. Kocher and Joshua Jaffe and Benjamin Jun},
  title = {{Differential Power Analysis}},
  booktitle = {Advances in Cryptology -- CRYPTO'99},
  year = {1999},
  pages = {388--397},
  publisher = {Springer},
  series = {LNCS},
  isbn = {3-540-66347-9},
  owner = {david},
  timestamp = {2013.04.16}
}

@inproceedings{timing_kocher,
  author    = {Paul C. Kocher},
  title     = {{Timing Attacks on Implementations of Diffie-Hellman, RSA,
               DSS, and Other Systems}},
  booktitle = {Advances in Cryptology -- CRYPTO'96},
  year      = {1996},
  pages     = {104-113},
  publisher = {Springer},
  volume    = {1109},
  isbn      = {3-540-61512-1},
  series = {LNCS},
  editor    = {Neal Koblitz},

}

@TECHREPORT{krue04,
  author = {Ralf Krueger},
  title = {{Application Note XAPP766: Using High Security Features in Virtex-II
	Series FPGAs}},
  institution = {{Xilinx}},
  year = {2004},
  note = {\url{http://www.xilinx.com/support/documentation/application_notes/xapp766.pdf}}
}

@misc{bernstein2005cache,
  title={{Cache-timing attacks on AES}},
  author={Bernstein, Daniel J},
  note={\url{http://cr.yp.to/antiforgery/cachetiming-20050414.pdf}}
}

@INBOOK{op_everyone,
  chapter = {16 -- Active Filter Design Techniques},
  title = {{Op Amps for Everyone}},
  publisher = {Texas Instruments},
  year = {2003},
  author = {Kugelstadt, Thomas},
  edition = {2nd},
  owner = {david},
  timestamp = {2013.04.16}
}

@INPROCEEDINGS{Kumar2006,
  author = {S. Kumar and C. Paar and J. Pelzl and G. Pfeiffer and A. Rupp and
	M. Schimmler},
  title = {How to Break {DES} for 8,980},
  booktitle = {International Workshop on Special-Purpose Hardware for Attacking
	Cryptographic Systems - SHARCS'06, Cologne, Germany},
  year = {2006},
  month = {April},
  owner = {Timo},
  timestamp = {2009.07.21}
}

@ELECTRONIC{Langer,
  author = {{Langer EMV-Technik}},
  title = {{Details of Near Field Probe Set RF 2}},
  howpublished = {Website as of April 2013},
  note = {\url{http://www.langer-emv.de/en/produkte/prod_rf2.htm}},
  bdsk-url-1 = {http://www.langer-emv.de/en/produkte/prod_rf2.htm},
  owner = {david},
  timestamp = {2013.04.16}
}

@ELECTRONIC{LangerAmp,
  author = {{Langer EMV-Technik}},
  title = {{Preamplifier PA 303}},
  howpublished = {Website as of April 2013},
  note = {\url{http://www.langer-emv.de/en/products/disturbance-emission/preamplifier/pa-203-303/devices-data/}},
  bdsk-url-1 = {http://www.langer-emv.de/en/products/disturbance-emission/preamplifier/pa-203-303/devices-data/},
  owner = {david},
  timestamp = {2013.03.27}
}

@ELECTRONIC{LangerEMV-Technik,
  author = {{Langer EMV-Technik}},
  title = {{Details of Near Field Probe Set RF 2}},
  howpublished = {Website as of April 2013},
  note = {\url{http://www.langer-emv.de/en/produkte/prod_rf2.htm}},
  bdsk-url-1 = {http://www.langer-emv.de/en/produkte/prod_rf2.htm},
  owner = {david},
  timestamp = {2013.04.16}
}

@TECHREPORT{FPGAsec07,
  author = {Austin Lesea},
  title = {{IP Security in FPGAs, White Paper WP 261}},
  institution = {{Xilinx}},
  year = {2007},
  month = {February}
}

@INPROCEEDINGS{Lin09,
  author = {Lang Lin and Markus Kasper and Tim G{\"u}neysu and Christof Paar
	and Wayne Burleson},
  title = {{Trojan Side-Channels: Lightweight Hardware Trojans through Side-Channel
	Engineering}},
  booktitle = {Cryptographic Hardware and Embedded Systems -- CHES'09},
  year = {2009},
  volume = {5747},
  series = {LNCS},
  pages = {382-395},
  publisher = {Springer},
  ee = {http://dx.doi.org/10.1007/978-3-642-04138-9_27}
}

@INPROCEEDINGS{Liu2007,
  author = {Y. Liu and T. Kasper and K. Lemke-Rust and C. Paar},
  title = {{E-Passport: Cracking Basic Access Control Keys}},
  booktitle = {Proc. of OTM'07, Part II},
  year = {2007},
  volume = {4804},
  series = {LNCS},
  pages = {1531--1547},
  publisher = {Springer},
  owner = {Timo},
  timestamp = {2009.07.21}
}

@ELECTRONIC{opencard_web,
  author = {{Magistrat hl. m. Prahy}},
  month = {April},
  year = {2013},
  title = {{Opencard -- Your convenience card}},
  howpublished = {Website},
  note = {\url{http://opencard.praha.eu/jnp/en/home/index.html}},
  bdsk-url-1 = {http://opencard.praha.eu/jnp/en/home/index.html},
  owner = {david},
  timestamp = {2013.04.23}
}

@ELECTRONIC{clippercard_web,
  author = {{Metropolitan Transportation Commission}},
  month = {April},
  year = {2013},
  title = {{Clippercard}},
  howpublished = {Website},
  note = {\url{https://www.clippercard.com/ClipperWeb/index.do}},
  owner = {david},
  timestamp = {2013.04.23}
}

@ELECTRONIC{farebot_web,
  author = {Eric Butler},
  month = {May},
  year = {2013},
  title = {{FareBot Android App}},
  howpublished = {Website},
  note = {\url{https://play.google.com/store/apps/details?id=com.codebutler.farebot&hl=en}},
  owner = {david},
  timestamp = {2013.04.23}
}

@ELECTRONIC{opencard_web_faq,
  author = {{Magistrat hl. m. Prahy}},
  month = {April},
  year = {2013},
  title = {{Opencard -- Frequently Asked Questions}},
  howpublished = {Website},
  note = {\url{http://opencard.praha.eu/jnp/en/faq/index.html}},
  bdsk-url-1 = {http://opencard.praha.eu/jnp/en/faq/index.html},
  owner = {david},
  timestamp = {2013.04.23}
}

@INPROCEEDINGS{mahalanobis_dist,
  author = {Mahalanobis, P. C.},
  title = {{On the Generalised Distance in Statistics}},
  booktitle = {Proceedings National Institute of Science, India},
  year = {1936},
  volume = {2},
  pages = {49--55},
  month = {April},
  citeulike-article-id = {4155812},
  citeulike-linkout-0 = {http://ir.isical.ac.in/dspace/handle/1/1268},
  day = {16},
  owner = {david},
  posted-at = {2009-03-09 18:14:50},
  priority = {0},
  timestamp = {2013.04.16}
}

@BOOK{MangardOP_DPABook_07,
  title = {{Power Analysis Attacks: Revealing the Secrets of Smart Cards}},
  publisher = {Springer},
  year = {2007},
  author = {Stefan Mangard and Elisabeth Oswald and Thomas Popp},
  bdsk-url-1 = {http://www.dpabook.org/},
  isbn = {978-0-387-30857-9},
  owner = {david},
  timestamp = {2013.04.16},
  url = {http://www.dpabook.org/},
  www_section = {side-channel analysis}
}

@ELECTRONIC{ds28e01_site,
  author = {{Maxim Integrated}},
  year = {2013},
  month = {April},
  title = {{DS28E01-100 1Kb Protected 1-Wire EEPROM with SHA-1 Engine}},
  howpublished = {Website},
  note = {\url{http://www.maximintegrated.com/datasheet/index.mvp/id/4766}},
  owner = {david},
  timestamp = {2011.02.04}
}

@BOOK{ffe,
  title = {{Finite Fields for Computer Scientists and Engineers}},
  publisher = {Kluwer Academic Publishers},
  year = {1987},
  author = {Robert J. McEliece},
  isbn = {978-0-89838-191-7},
  owner = {stefan},
  timestamp = {2009.10.29}
}

@INPROCEEDINGS{hmac_dpa,
  author = {McEvoy, Robert and Tunstall, Michael and Murphy, Colin C. and Marnane,
	William P.},
  title = {Differential power analysis of HMAC based on SHA-2, and countermeasures},
  booktitle = {Proceedings of the 8th international conference on Information security
	applications},
  year = {2007},
  series = {WISA'07},
  pages = {317--332},
  publisher = {Springer},
  location = {Jeju Island, Korea},
  numpages = {16}
}

@BOOK{menezes96handbook,
  title = {{Handbook of Applied Cryptography}},
  publisher = {CRC Press},
  year = {1996},
  author = {Alfred Menezes and Paul C. van Oorschot and Scott A. Vanstone},
  isbn = {0-8493-8523-7}
}

@INPROCEEDINGS{Messerges99investigationsof,
  author = {Thomas S. Messerges and Ezzy A. Dabbish and Robert H. Sloan},
  title = {{Investigations of Power Analysis Attacks on Smartcards}},
  booktitle = {USENIX Workshop on Smartcard Technology},
  year = {1999},
  pages = {151--162},
  owner = {david},
  timestamp = {2013.04.16}
}

@MISC{DS_16F886,
  author = {{Microchip {{T}echnology {I}nc.}}},
  title = {{PIC16F882/883/884/886/887 Data Sheet}},
  year = {2009},
  note = {available at \url{http://ww1.microchip.com/downloads/en/devicedoc/41291f.pdf}},
  owner = {falk},
  timestamp = {2012.09.20}
}

@INPROCEEDINGS{CaseAsyncDES,
  author = {Monnet, Yannick and Renaudin, Marc and Leveugle, Régis and Clavier,
	Christophe and Moitrel, Pascal},
  title = {{Case Study of a Fault Attack on Asynchronous DES Crypto-Processors}},
  booktitle = {FDTC'06},
  year = {2006},
  editor = {Breveglieri, Luca and Koren, Israel and Naccache, David and Seifert,
	Jean-Pierre},
  volume = {4236},
  series = {LNCS},
  pages = {88-97},
  publisher = {Springer},
  affiliation = {TIMA Laboratory, 46, Avenue Felix Viallet, 38031 cedex Grenoble, France}
}

@INPROCEEDINGS{SCAVII,
  author = {Amir Moradi and Alessandro Barenghi and Timo Kasper and Christof
	Paar},
  title = {{On the vulnerability of FPGA bitstream encryption against power
	analysis attacks: Extracting keys from Xilinx Virtex-II FPGAs}},
  booktitle = {ACM CCS'11},
  year = {2011},
  pages = {111-124},
  publisher = {ACM}
}

@incollection{actelSca,
	year={2012},
	isbn={978-3-642-33026-1},
	booktitle={Cryptographic Hardware and Embedded Systems -- CHES'12},
	volume={7428},
	series={LNCS},
	editor={Prouff, Emmanuel and Schaumont, Patrick},
	doi={10.1007/978-3-642-33027-8_2},
	title={Breakthrough Silicon Scanning Discovers Backdoor in Military Chip},
	publisher={Springer},
	author={Skorobogatov, Sergei and Woods, Christopher},
	pages={23-40}
}


@INPROCEEDINGS{SCAV4V5,
  author = {Amir Moradi and Markus Kasper and Christof Paar},
  title = {{Black-Box Side-Channel Attacks Highlight the Importance of Countermeasures
	- An Analysis of the Xilinx Virtex-4 and Virtex-5 Bitstream Encryption
	Mechanism}},
  booktitle = {CT-RSA'12},
  year = {2012},
  volume = {7178},
  series = {LNCS},
  pages = {1-18},
  publisher = {Springer}
}

@MANUAL{sasebo_g2,
  title = {{Side-Channel Attack Standard Evaluation Board SASEBO-GII Specification}},
  author = {{National Institute of Advanced Industrial Science and Technology
	(AIST)}},
  edition = {1.01},
  year = {2009},
  owner = {david},
  timestamp = {2012.08.16}
}

@MISC{fips_aes,
  author = {{NIST}},
  title = {{FIPS 197 Advanced Encryption Standard (AES)}},
  note = {\url{http://csrc.nist.gov/publications/fips/fips197/fips-197.pdf}},
  date-added = {2013-05-05 12:53:02 +0000},
  date-modified = {2013-05-05 12:53:02 +0000},
  owner = {david},
  timestamp = {2013.04.16}
}

@MISC{fips_des,
  author = {{NIST}},
  title = {{FIPS 46-3 Data Encryption Standard (DES)}},
  note = {\url{http://csrc.nist.gov/publications/fips/fips46-3/fips46-3.pdf}},
  owner = {david},
  timestamp = {2013.04.16}
}

@MISC{fips_sha1,
  author = {{NIST}},
  title = {{FIPS 180-4 Secure Hash Standard (SHS)}},
  note = {\url{http://csrc.nist.gov/publications/fips/fips180-4/fips-180-4.pdf}},
  date-modified = {2013-05-05 12:54:08 +0000},
  owner = {david},
  timestamp = {2013.04.16}
}

@MANUAL{NIST_AESCTR,
  title = {{Recommendation for Block 2001 Edition Cipher Modes of Operation}},
  author = {{NIST}},
  year = {2001},
  note = {\url{http://csrc.nist.gov/publications/nistpubs/800-38a/sp800-38a.pdf}},
  owner = {pawel},
  timestamp = {2012.09.20}
}

@MANUAL{desfips,
  title = {{Data Encryption Standard}},
  author = {{NIST}},
  month = {January},
  year = {1977},
  note = {\url{http://csrc.nist.gov/publications/fips/fips46-3/fips46-3.pdf}}
}

@INPROCEEDINGS{Nohl2008,
  author = {Karsten Nohl and David Evans and Starbug and Henryk Pl{\"o}tz},
  title = {{Reverse-Engineering a Cryptographic RFID Tag}},
  booktitle = {USENIX Security Symposium},
  year = {2008},
  pages = {185--194},
  publisher = {USENIX Association},
  ee = {http://www.usenix.org/events/sec08/tech/full_papers/nohl/nohl.pdf},
  owner = {david},
  timestamp = {2013.04.16}
}

@INPROCEEDINGS{revbit,
  author = {Jean-Baptiste Note and {\'E}ric Rannaud},
  title = {{From the bitstream to the netlist}},
  booktitle = {16th International Symposium on Field Programmable Gate Arrays, FPGA
	2008},
  year = {2008},
  editor = {Mike Hutton and Paul Chow},
  publisher = {ACM},
  isbn = {978-1-59593-934-0}
}

@MISC{mifare_general,
  author = {{NXP}},
  title = {{Mifare Smart Card ICs}},
  howpublished = {Website as of March 2011},
  month = {March},
  year = {2011},
  note = {\url{http://www.nxp.com/products/identification_and_security/smart_card_ics/mifare_smart_card_ics/index.html}},
  owner = {do},
  timestamp = {2011.03.04}
}

@MISC{NXP2011,
  author = {{NXP}},
  title = {{Mifare Smart Card ICs}},
  howpublished = {Website as of March 2011},
  month = {March},
  year = {2011},
  note = {\url{http://www.nxp.com/products/identification_and_security/smart_card_ics/mifare_smart_card_ics/index.html}},
  owner = {do},
  timestamp = {2011.03.04}
}

@MANUAL{ev1_ds,
  title = {{Mifare DESFire EV1 Contactless Multi-Application IC Datasheet}},
  author = {{NXP}},
  month = {December},
  year = {2010},
  bdsk-url-1 = {http://www.nxp.com/documents/short_data_sheet/MF3ICDX21_41_81_SDS.pdf},
  owner = {do},
  timestamp = {2011.02.05},
  note = {\url{http://www.nxp.com/documents/short_data_sheet/MF3ICDX21_41_81_SDS.pdf}}
}

@MANUAL{ulc_ds,
  title = {{Mifare Ultralight C Product Short Datasheet}},
  author = {{NXP}},
  month = {May},
  year = {2009},
  bdsk-url-1 = {http://www.nxp.com/documents/short_data_sheet/MF0ICU2_SDS.pdf},
  owner = {do},
  timestamp = {2011.02.05},
  note = {\url{http://www.nxp.com/documents/short_data_sheet/MF0ICU2_SDS.pdf}}
}

@TECHREPORT{Activ07,
  author = {{NXP}},
  title = {{AN200701: ISO/IEC 14443 Eavesdropping and Activation Distance}},
  year = {2007},
  owner = {Timo},
  timestamp = {2009.09.08}
}

@MANUAL{df_ds,
  title = {{Mifare DESFire Contactless Multi-Application IC with DES and 3DES
	Security MF3ICD40}},
  author = {{NXP}},
  month = {April},
  year = {2004},
  owner = {do},
  timestamp = {2011.02.05}
}

@MISC{ochs_ln,
  author = {Karlheinz Ochs},
  title = {{Transmission of Digital Signals}},
  howpublished = {Lecture notes},
  year = {2006},
  owner = {david},
  timestamp = {2013.04.16}
}

@MISC{Ochs2006,
  author = {Karlheinz Ochs},
  title = {{Transmission of Digital Signals}},
  howpublished = {Lecture notes},
  year = {2006},
  owner = {david},
  timestamp = {2013.04.16}
}

@MISC{DesfireKeyDiv,
  author = {{NXP}},
  title = {{mifare DESFire Security}},
  howpublished = {Presentation slides},
  year = {2006},
  owner = {david},
  timestamp = {2013.04.16}
}

@MISC{DesfireKeyDivAN,
  author = {{NXP}},
  title = {{AN10922 -- Symmetric key diversifications}},
  howpublished = {Application note},
  note = {\url{http://www.nxp.com/documents/application_note/AN10922.pdf}},
  year = {2010},
  owner = {david},
  timestamp = {2013.04.16}
}

@ARTICLE{OrSha07,
  author = {Yossef Oren and Adi Shamir},
  title = {{R}emote {P}assword {E}xtraction from {RFID} {T}ags},
  journal = {IEEE Transactions on Computers},
  year = {2007},
  volume = {56},
  pages = {1292--1296},
  number = {9},
  note = {\url{http://iss.oy.ne.ro/RemotePowerAnalysisOfRFIDTags}},
  address = {Washington, DC, USA},
  bdsk-url-1 = {http://dx.doi.org/10.1109/TC.2007.1050},
  doi = {http://dx.doi.org/10.1109/TC.2007.1050},
  owner = {david},
  publisher = {IEEE Computer Society},
  timestamp = {2013.04.16}
}

@MISC{desfireICSTurkeytalk,
  author = {David Oswald},
  title = {{Practical Side-Channel Attacks against Contactless Smart Cards}},
  howpublished = {Presentation at ISCTURKEY'12},
  month = {May},
  year = {2012},
  owner = {david},
  timestamp = {2013.03.26},
}

@MISC{desfireS3talk,
  author = {David Oswald},
  title = {{Pushing the Limits: Side-Channel Attacks on Mifare DESFire MF3ICD40
	for 300 USD}},
  howpublished = {Presentation at the ACM S3 Workshop 2012},
  month = {August},
  year = {2012},
  owner = {david},
  timestamp = {2013.03.26},
}

@MASTERSTHESIS{da_david,
  author = {David Oswald},
  title = {{Development of an Integrated Environment for Side Channel Analysis
	and Fault Injection}},
  school = {Ruhr-University Bochum},
  year = {2009},
  type = {Diploma thesis},
  month = {September},
  bdsk-url-1 = {http://crypto.rub.de/imperia/md/content/texte/theses/da_oswald.pdf},
  owner = {david},
  timestamp = {2010.02.04},
  url = {http://crypto.rub.de/imperia/md/content/texte/theses/da_oswald.pdf}
}

@MASTERSTHESIS{ba_falk,
  author = {Falk Schellenberg},
  title = {{Comparing Power and Electromagnetic Analysis of Embedded Devices}},
  school = {Ruhr-University Bochum},
  year = {2010},
  type = {Bachelor's Thesis},
  month = {Juli},
  owner = {david},
  timestamp = {2010.02.04},
  url = {http://emsec.rub.de/media/crypto/attachments/files/2011/02/ba_schellenberg.pdf}
}


@INCOLLECTION{OP12,
  author = {Oswald, David and Paar, Christof},
  title = {{Improving Side-Channel Analysis with Optimal Linear Transforms}},
  booktitle = {Smart Card Research and Advanced Applications -- CARDIS'12},
  publisher = {Springer},
  year = {2013},
  editor = {Mangard, Stefan},
  volume = {7771},
  series = {LNCS},
  pages = {219-233},
  isbn = {978-3-642-37287-2},
  owner = {david},
  timestamp = {2013.04.16},
   doi = {10.1007/978-3-642-37288-9_15}
}

@INCOLLECTION{HMHS12,
  author = {Johann Heyszl and Dominik Merli and Benedikt Heinz and Fabrizio De Santis and Georg Sigl},
  title = {{Strengths and Limitations of High-Resolution Electromagnetic Field Measurements for Side-Channel Analysis}},
  booktitle = {Smart Card Research and Advanced Applications -- CARDIS'12},
  publisher = {Springer},
  year = {2013},
  editor = {Mangard, Stefan},
  volume = {7771},
  series = {LNCS},
  pages={248-262},
  isbn = {978-3-642-37287-2},
  owner = {david},
  timestamp = {2013.04.16},
  doi={10.1007/978-3-642-37288-9_17}
}


@MISC{desfire_ext_version,
  author = {David Oswald and Christof Paar},
  title = {{Breaking Mifare DESFire MF3ICD40: Power Analysis and Templates in
	the Real World --- Extended Version}},
  howpublished = {available online},
  year = {2011},
  note = {\url{http://www.emsec.rub.de/research/publications/}},
  owner = {david},
  timestamp = {2013.04.16}
}

@MISC{Oswald2011,
  author = {David Oswald and Christof Paar},
  title = {{Breaking Mifare DESFire MF3ICD40: Power Analysis and Templates in
	the Real World --- Extended Version}},
  howpublished = {available online},
  year = {2011},
  note = {\url{http://www.emsec.rub.de/research/publications/}},
  owner = {david},
  timestamp = {2013.04.16}
}

@INPROCEEDINGS{OswaldP11,
  author = {David Oswald and Christof Paar},
  title = {{Breaking Mifare DESFire MF3ICD40: Power Analysis and Templates in
	the Real World}},
  booktitle = {Cryptographic Hardware and Embedded Systems -- CHES'11},
  year = {2011},
  volume = {6917},
  series = {LNCS},
  pages = {207-222},
  publisher = {Springer}
}

@ELECTRONIC{rc4_ssl,
  author = {Kenny Paterson and Nadhem AlFardan},
  month = {March},
  year = {2013},
  title = {{On the Security of RC4 in TLS}},
  howpublished = {Website},
  note = {\url{http://www.isg.rhul.ac.uk/tls/}},
  bdsk-url-1 = {http://www.isg.rhul.ac.uk/tls/},
  owner = {david},
  timestamp = {2013.04.04}
}

@incollection{Schl12,
	year={2012},
	isbn={978-3-642-33026-1},
	booktitle={Cryptographic Hardware and Embedded Systems -- CHES'12},
	volume={7428},
	series={LNCS},
	editor={Prouff, Emmanuel and Schaumont, Patrick},
	doi={10.1007/978-3-642-33027-8_3},
	title={{Simple Photonic Emission Analysis of AES}},
	publisher={Springer},
	author={Schl\"{o}sser, Alexander and Nedospasov, Dmitry and Kr\"{a}mer, Juliane and Orlic, Susanna and Seifert, Jean-Pierre},
	pages={41-57}
}

@INPROCEEDINGS{Mangard02asimple,
    author = {Stefan Mangard},
    title = {{A Simple Power-Analysis (SPA) attack on implementations of the AES key expansion}},
    booktitle = {ICISC'02},
	volume={2587},
	series={LNCS},
    year = {2002},
    pages = {343--358},
    publisher = {Springer-Verlag}
}

@incollection{walt04,
	year={2004},
	isbn={978-3-540-22666-6},
	booktitle={Cryptographic Hardware and Embedded Systems -- CHES'04},
	volume={3156},
	series={LNCS},
	editor={Joye, Marc and Quisquater, Jean-Jacques},
	title={Simple Power Analysis of Unified Code for ECC Double and Add},
	url={http://dx.doi.org/10.1007/978-3-540-28632-5_14},
	publisher={Springer},
	author={Walter, Colin D.},
	pages={191-204}
}

@inproceedings{KOP11isse,
	author = {Timo Kasper and David Oswald and Christof Paar},
	title = {{Security of Wireless Embedded Devices in the Real World}},
	booktitle = {Information Security Solutions (ISSE) 2011 -- Securing Electronic Business Processes},
	year = {2011},
	editor = {Norbert Pohlmann and Helmut Reimer and Wolfgang Schneider},
	pages = {174--189},
	publisher = {Vieweg+Teubner},
	note={\url{http://www.viewegteubner.de/Buch/978-3-8348-1911-6/ISSE-2011-Securing-Electronic-Business-Processes.html}}
}

@incollection{Vey13,
	year={2013},
	isbn={978-3-642-35998-9},
	booktitle={Selected Areas in Cryptography -- SAC'12},
	volume={7707},
	series={LNCS},
	editor={Knudsen, Lars R. and Wu, Huapeng},
	doi={10.1007/978-3-642-35999-6_25},
	title={An Optimal Key Enumeration Algorithm and Its Application to Side-Channel Attacks},
	publisher={Springer},
	author={Veyrat-Charvillon, Nicolas and G\'{e}rard, Beno\^{i}t and Renauld, Mathieu and Standaert, Fran\c{c}ois-Xavier},
	pages={390-406}
}


@inproceedings{Backes10,
 author = {Backes, Michael and D\"{u}rmuth, Markus and Gerling, Sebastian and Pinkal, Manfred and Sporleder, Caroline},
 title = {Acoustic side-channel attacks on printers},
 booktitle = {Proceedings of the 19th USENIX conference on Security},
 series = {USENIX Security'10},
 year = {2010},
 isbn = {888-7-6666-5555-4},
 location = {Washington, DC},
 pages = {20--20},
 numpages = {1},
 publisher = {USENIX Association},
 address = {Berkeley, CA, USA},
} 

@incollection{sta09,
	year={2009},
	isbn={978-3-642-01000-2},
	booktitle={Advances in Cryptology -- EUROCRYPT'09},
	volume={5479},
	series={LNCS},
	editor={Joux, Antoine},
	doi={10.1007/978-3-642-01001-9_26},
	title={{A Unified Framework for the Analysis of Side-Channel Key Recovery Attacks}},
	publisher={Springer},
	author={Standaert, Fran\c{c}ois-Xavier and Malkin, Tal G. and Yung, Moti},
	pages={443-461}
}

@misc{whit12,
    author = {Carolyn Whitnall and Elisabeth Oswald and Fran\c{c}ois-Xavier Standaert},
    title = {{The myth of generic DPA... and the magic of learning}},
    howpublished = {Cryptology ePrint Archive, Report 2012/256},
    year = {2012},
    note = {\url{http://eprint.iacr.org/}},
}


@ELECTRONIC{acoustic_sca_rsa,
  author = {Adi Shamir and Eran Tromer},
  year = {2004},
  title = {{Acoustic cryptanalysis -- On nosy people and noisy machines}},
  howpublished = {Website},
  note = {\url{http://tau.ac.il/~tromer/acoustic/}},
  owner = {david},
  timestamp = {2013.04.04}
}

@MISC{picoscope_tech,
  author = {{Pico Technology}},
  title = {{PicoScope 5200 USB PC Oscilloscopes}},
  year = {2008},
  bdsk-url-1 = {http://www.picotech.com/picoscope5200-specifications.html},
  owner = {david},
  timestamp = {2013.04.16},
  note = {\url{http://www.picotech.com/picoscope5200-specifications.html}}
}

@ELECTRONIC{legicprime,
  author = {Henrik Pl{\"o}tz and Karsten Nohl},
  title = {{Legic Prime: Obscurity in Depth}},
  year = {2009},
  note = {\url{http://events.ccc.de/congress/2009/Fahrplan/attachments/1506_legic-slides.pdf}},
  howpublished = {Presentation at the 26th Chaos Communication Congress},
  owner = {david},
  timestamp = {2013.04.16}
}

@INPROCEEDINGS{plos09,
  author = {Plos, Thomas},
  title = {{Evaluation of the Detached Power Supply as Side-Channel Analysis
	Countermeasure for Passive UHF RFID Tags}},
  booktitle = {Topics in Cryptology -- CT-RSA'09},
  year = {2009},
  editor = {Fischlin, Marc},
  volume = {5473},
  series = {LNCS},
  pages = {444--458},
  publisher = {Springer},
  owner = {david},
  timestamp = {2013.04.16}
}

@INPROCEEDINGS{Plos2008EvaluationSideChannelPreprocessingTechniques,
  author = {Thomas Plos and Michael Hutter and Martin Feldhofer},
  title = {{Evaluation of Side-Channel Preprocessing Techniques on Cryptographic-Enabled
	HF and UHF RFID-Tag Prototypes}},
  booktitle = {Workshop on RFID Security -- RFIDSec'08},
  year = {2008},
  editor = {Sandra Dominikus},
  pages = {114--127},
  owner = {david},
  timestamp = {2013.04.16}
}

@INPROCEEDINGS{KasperAyce2010,
  author = {Timo Kasper and Michael Silbermann and Christof Paar},
  title = {{All You Can Eat or Breaking a Real-World Contactless Payment System}},
  booktitle = {Financial Cryptography and Data Security 2010},
  year = {2010},
  series = {LNCS},
  publisher = {Springer},
}

@INCOLLECTION{mdxMac,
  author = {Preneel, Bart and Oorschot, Paul C.},
  title = {{MDx-MAC and Building Fast MACs from Hash Functions}},
  booktitle = {Advances in Cryptology -- CRYPT0'95},
  publisher = {Springer},
  year = {1995},
  editor = {Coppersmith, Don},
  volume = {963},
  series = {LNCS},
  pages = {1-14},
  doi = {10.1007/3-540-44750-4_1},
  isbn = {978-3-540-60221-7},
  url = {http://dx.doi.org/10.1007/3-540-44750-4_1}
}

@inproceedings{Danev09,
	 author = {Danev, Boris and Heydt-Benjamin, Thomas S. and \v{C}apkun, Srdjan},
	 title = {{Physical-layer identification of RFID devices}},
	 booktitle = {Proceedings of the USENIX security symposium -- SSYM'09},
	 year = {2009},
	 pages = {199--214},
	 numpages = {16},
	 publisher = {USENIX Association},
	 address = {Berkeley, CA, USA},
} 

@INPROCEEDINGS{capkunbounding,
  author = {Kasper Bonne Rasmussen and Srdjan Capkun},
  title = {{Realization of RF Distance Bounding}},
  booktitle = {19th USENIX Security Symposium},
  year = {2010},
  pages = {389-402},
  publisher = {USENIX Association},
  note = {\url{http://www.usenix.org/events/sec10/tech/full_papers/Rasmussen.pdf}},
  owner = {david},
  timestamp = {2013.04.16}
}

@INPROCEEDINGS{Rechberger04practicaltemplate,
  author = {Christian Rechberger and Elisabeth Oswald},
  title = {{Practical Template Attacks}},
  booktitle = {Information Security Applications, 5th International Workshop --
	WISA 2004},
  year = {2004},
  volume = {3325},
  series = {LNCS},
  pages = {443--457},
  publisher = {Springer},
  owner = {david},
  timestamp = {2013.04.16}
}

@MISC{27C3,
  author = {{Recurity Labs}},
  title = {{Embedded Analysis}},
  howpublished = {27th Chaos Communication Congress},
  month = {Dec.},
  year = {2010},
  note = {\url{http://events.ccc.de/congress/2010/wiki/Embedded_Analysis}},
  owner = {alex},
  timestamp = {2011.02.10}
}

@INPROCEEDINGS{RenauldSVKF11,
  author = {Mathieu Renauld and Fran\c{c}ois-Xavier Standaert and Nicolas Veyrat-Charvillon
	and Dina Kamel and Denis Flandre},
  title = {{A Formal Study of Power Variability Issues and Side-Channel Attacks
	for Nanoscale Devices}},
  booktitle = {30th Annual International Conference on the Theory and Applications of Cryptographic Techniques -- EUROCRYPT'11},
  year = {2011},
  editor = {Kenneth G. Paterson},
  volume = {6632},
  series = {LNCS},
  pages = {109-128},
  publisher = {Springer},
  owner = {david},
  timestamp = {2013.04.16}
}

@INPROCEEDINGS{RiebackCT06,
  author = {Melanie R. Rieback and Bruno Crispo and Andrew S. Tanenbaum},
  title = {{Is Your Cat Infected with a Computer Virus?}},
  booktitle = {Conference on Pervasive Computing and Communications (PerCom)},
  year = {2006},
  pages = {169-179},
  publisher = {IEEE Computer Society},
  isbn = {0-7695-2518-0},
  owner = {david},
  timestamp = {2013.04.16}
}

@ARTICLE{RiebackMalware06,
  author = {Melanie R. Rieback and Bruno Crispo and Andrew S. Tanenbaum},
  title = {{RFID Malware: Truth vs. Myth}},
  journal = {{IEEE Security and Privacy}},
  year = {2006},
  volume = {4},
  pages = {70-72},
  issn = {1540-7993},
  owner = {david},
  publisher = {{IEEE Computer Society}},
  timestamp = {2013.04.16}
}

@INPROCEEDINGS{Guardian05,
  author = {Melanie R. Rieback and Bruno Crispo and Andrew S. Tanenbaum},
  title = {{RFID Guardian: A Battery-Powered Mobile Device for RFID Privacy
	Management}},
  booktitle = {{Information Security and Privacy, 10th Australasian Conference (ACISP)}},
  year = {2005},
  volume = {3574},
  series = {{LNCS}},
  pages = {184-194},
  ee = {http://dx.doi.org/10.1007/11506157_16},
  isbn = {3-540-26547-3},
  owner = {david},
  timestamp = {2013.04.16}
}

@MISC{Riscure2,
  author = {Harko Robroch},
  title = {{ePassport Privacy Attack, Presentation at Cards Asia Singapore,
	April 26,2006}},
  note = {\url{http://www.riscure.com}},
  date = {April 26,2006},
  owner = {Timo},
  timestamp = {2009.07.21}
}

@ARTICLE{rohr10,
  author = {Andreas Rohr and Karsten Nohl and Henryk Pl{\"o}tz},
  title = {{Establishing Security Best Practices in Access Control}},
  year = {2010},
  month = {September},
  note = {\url{www.srlabs.de/pub/acs}},
  owner = {david},
  timestamp = {2011.04.01}
}

@INCOLLECTION{Schi05,
  author = {Schindler, Werner and Lemke, Kerstin and Paar, Christof},
  title = {{A Stochastic Model for Differential Side Channel Cryptanalysis}},
  booktitle = {Cryptographic Hardware and Embedded Systems --- CHES'05},
  publisher = {Springer},
  year = {2005},
  editor = {Rao, Josyula and Sunar, Berk},
  volume = {3659},
  series = {LNCS},
  pages = {30-46},
  bdsk-url-1 = {http://dx.doi.org/10.1007/11545262_3},
  isbn = {978-3-540-28474-1},
  keyword = {Computer Science},
  owner = {david},
  timestamp = {2012.03.05},
  url = {http://dx.doi.org/10.1007/11545262_3}
}

@INPROCEEDINGS{Schindler2005,
  author = {Werner Schindler and Kerstin Lemke and Christof Paar},
  title = {{A Stochastic Model for Differential Side Channel Cryptanalysis}},
  booktitle = {Cryptographic Hardware and Embedded Systems -- CHES'05},
  year = {2005},
  volume = {3659},
  series = {LNCS},
  pages = {30--46},
  publisher = {Springer},
  owner = {david},
  timestamp = {2013.04.16}
}

@TECHREPORT{SchmidtDFAReport,
  author = {Jˆrn-Marc Schmidt},
  title = {{Differential Fault Analysis -- Final Report}},
  institution = {TU Graz},
  year = {2008},
  month = {June},
  owner = {david},
  timestamp = {2009.08.14}
}

@BOOK{book_demod,
  title = {{Communication Systems and Techniques}},
  publisher = {Wiley},
  year = {1966},
  author = {Schwartz, Mischa and Bennett, William R. and Stein, Seymour},
  pages = {618},
  owner = {do},
  timestamp = {2011.03.05}
}

@INBOOK{Shan06,
  chapter = {8.3.2},
  title = {Digital \& Analog Communication Systems},
  publisher = {Wiley-India},
  year = {2006},
  author = {K. Sam Shanmugam},
  howpublished = {Hardcover},
  isbn = {8126509147},
  owner = {david},
  timestamp = {2013.04.04}
}

@MISC{SimonsVossSales,
  author = {{SimonsVoss Technologies AG}},
  title = {{SimonsVoss posts record sales yet again in 2011}},
  note = {available at \url{http://www.simons-voss.us/Record-sales-in-2011.1112.0.html?&L=6},
	as of \today},
  owner = {Daehyun},
  timestamp = {2012.09.20}
}

@MISC{SimonsVossWN,
  author = {{SimonsVoss Technologies AG}},
  title = {{Wave Net Funknetzwerk 3065}},
  note = {available at \url{http://www.simons-voss.de/Wave-Net-Funknetzwerk.74.0.html}},
  timestamp = {2012.09.20}
}

@MISC{SV_public_docu,
  author = {{SimonsVoss Technologies AG}},
  title = {{Infocenter -- Downloads}},
  year = {2013},
  note = {available at \url{http://www.simons-voss.com/Downloads.45.0.html?&L=1}},
  owner = {falk},
  timestamp = {2012.09.20}
}

@MISC{SCAActel,
  author = {Sergei Skorobogatov and Christopher Woods},
  title = {{In the blink of an eye: There goes your AES key}},
  howpublished = {Cryptology ePrint Archive, Report 2012/296},
  year = {2012},
  note = {\url{http://eprint.iacr.org/}}
}

@INBOOK{dig_filt_book,
  chapter = {{General LTI Filter Matrix}},
  title = {{Introduction To Digital Filters With Audio Applications}},
  publisher = {Center for Computer Research in Music and Acoustics},
  year = {2007},
  author = {Julius O. Smith},
  note = {\url{http://www.dsprelated.com/dspbooks/filters/}},
  owner = {david},
  timestamp = {2012.03.02}
}

@BOOK{dspguide,
  title = {{The Scientist and Engineer's Guide to Digital Signal Processing}},
  publisher = {California Technical Publishing},
  year = {1997},
  author = {Ph.D. Steven W. Smith},
  edition = {1st},
  chapter = {15: Moving Average Filters},
  owner = {david},
  timestamp = {2013.04.16}
}

@article{jcen_templates,
	year={2012},
	issn={2190-8508},
	journal={Journal of Cryptographic Engineering},
	volume={2},
	number={1},
	doi={10.1007/s13389-012-0030-6},
	title={Portability of templates},
	url={http://dx.doi.org/10.1007/s13389-012-0030-6},
	publisher={Springer-Verlag},
	keywords={Template attack; Resynchronization; Side-channel attacks},
	author={Elaabid, M. Abdelaziz and Guilley, Sylvain},
	pages={63-74},
}

@inproceedings{Renauld11,
	 author = {Renauld, Mathieu and Standaert, Fran\c{c}ois-Xavier and Veyrat-Charvillon, Nicolas and Kamel, Dina and Flandre, Denis},
	 title = {A formal study of power variability issues and side-channel attacks for nanoscale devices},
	 booktitle = {30th Annual international conference on Theory and applications of cryptographic techniques -- EUROCRYPT'11},
	 series = {LNCS},
	 year = {2011},
	 isbn = {978-3-642-20464-7},
	 location = {Tallinn, Estonia},
	 pages = {109--128},
	 numpages = {20},
	 publisher = {Springer},
} 


@ARTICLE{classe-design,
  author = {Nathan O. Sokal},
  title = {{Class-E RF Power Amplifiers}},
  journal = {QEX Commun. Quart},
  year = {2001},
  pages = {9--20},
  note = {\url{http://www.electro-tech-online.com/custompdfs/2011/09/010102qex009.pdf}},
  owner = {david},
  timestamp = {2013.04.29}
}


@ELECTRONIC{ettus_research,
  author = {{Ettus Research}},
  year = {2013},
  month = {April},
  title = {{Homepage}},
  howpublished = {Website},
  note = {\url{http://www.ettus.com/home/}},
  owner = {david},
  timestamp = {2011.02.04}
}

@ELECTRONIC{rtl_chip,
  author = {{Realtek Semiconductors Corp.}},
  year = {2013},
  month = {April},
  title = {{RTL2832U General Description}},
  howpublished = {Website},
  note = {\url{http://www.realtek.com.tw/products/productsView.aspx?Langid=1&PNid=22&PFid=35&Level=4&Conn=3&ProdID=257}},
  owner = {david},
  timestamp = {2011.02.04}
}

@ELECTRONIC{ettus_research_daughterboards,
  author = {{Ettus Research}},
  year = {2013},
  month = {April},
  title = {{Daughterboards}},
  howpublished = {Website},
  note = {\url{https://www.ettus.com/product/category/Daughterboards}},
  owner = {david},
  timestamp = {2011.02.04}
}

@ELECTRONIC{giant_sf,
  author = {{Sourceforge}},
  year = {2013},
  month = {April},
  title = {{GIAnT (Generic Implementation ANalysis Toolkit)}},
  howpublished = {Website},
  note = {\url{https://sf.net/projects/giant/}},
  owner = {david},
  timestamp = {2011.02.04}
}

@ELECTRONIC{rtl_sdr,
  author = {{Osmocom Project}},
  year = {2013},
  month = {May},
  title = {{rtl-sdr}},
  howpublished = {Website},
  note = {\url{http://sdr.osmocom.org/trac/wiki/rtl-sdr}},
  owner = {david},
  timestamp = {2011.02.04}
}


@ELECTRONIC{reader_sf,
  author = {{Sourceforge}},
  year = {2013},
  month = {April},
  title = {{reader\_14443: Customized RFID Reader for Contactless Smartcards}},
  howpublished = {Website},
  note = {\url{http://sourceforge.net/projects/reader14443/}},
  owner = {david},
  timestamp = {2011.02.04}
}

@ELECTRONIC{iniparser,
  author = {Nicolas Devillard},
  year = {2009},
  month = {October},
  title = {{iniParser: stand-alone ini Parser library in ANSI C}},
  howpublished = {Website},
  note = {\url{http://ndevilla.free.fr/iniparser/}},
  owner = {david},
  timestamp = {2009.10.29}
}

@ELECTRONIC{gnuradio,
  author = {{GNURadio project}},
  year = {2013},
  month = {April},
  title = {{GNURadio main page}},
  howpublished = {Website},
  note = {\url{http://gnuradio.org/redmine/}},
  owner = {david},
  timestamp = {2011.02.04}
}

@ELECTRONIC{lecroyscope,
  author = {{Teledyne LeCroy}},
  year = {2013},
  month = {April},
  title = {{WavePro 715Zi-A}},
  howpublished = {Website},
  note = {\url{http://teledynelecroy.com/oscilloscope/oscilloscopemodel.aspx?modelid=4716}},
  owner = {david},
  timestamp = {2011.02.04}
}


@ELECTRONIC{Sourceforge2011,
  author = {{Sourceforge}},
  year = {2013},
  title = {{GIAnT (Generic Implementation ANalysis Toolkit)}},
  howpublished = {Website as of April 2013},
  note = {\url{https://sf.net/projects/giant/}},
  owner = {david},
  timestamp = {2011.02.04}
}

@ELECTRONIC{Sourceforge2011a,
  author = {{Sourceforge}},
  year = {2011},
  title = {{GIAnT (Generic Implementation ANalysis Toolkit)}},
  howpublished = {Website as of April 2013},
  note = {\url{https://sf.net/projects/giant/}},
  owner = {david},
  timestamp = {2011.02.04}
}

@INPROCEEDINGS{StandaertOQP04,
  author = {Fran\c{c}ois-Xavier Standaert and Siddika Berna {\"O}rs and Jean-Jacques
	Quisquater and Bart Preneel},
  title = {{Power Analysis Attacks Against FPGA Implementations of the DES}},
  booktitle = {FPL 2004},
  year = {2004},
  volume = {3203},
  series = {LNCS},
  pages = {84-94},
  publisher = {Springer}
}

@INPROCEEDINGS{PCATemplate,
  author = {Standaert, Fran\c{c}ois-Xavier and Archambeau, Cedric},
  title = {{Using Subspace-Based Template Attacks to Compare and Combine Power
	and Electromagnetic Information Leakages}},
  booktitle = {Cryptographic Hardware and Embedded Systems -- CHES'08},
  year = {2008},
  editor = {Oswald, Elisabeth and Rohatgi, Pankaj},
  volume = {5154},
  series = {LNCS},
  pages = {411--425},
  publisher = {Springer},
  affiliation = {Universit{\`e} catholique de Louvain UCL Crypto Group},
  owner = {david},
  timestamp = {2013.04.16}
}

@MISC{myki,
  author = {{State Government Victoria}},
  title = {{myki}},
  howpublished = {Website},
  month = {March},
  year = {2011},
  note = {\url{http://www.myki.com.au/}},
  owner = {do},
  timestamp = {2011.03.04}
}

@ELECTRONIC{sunplus,
  author = {{Sunplus Innovation Technology Inc.}},
  organization = {Sunplus Innovation Technology Inc.},
  note = {\url{http://www.sunplusit.com}},
  bdsk-url-1 = {http://www.sunplusit.com},
  owner = {brichter},
  timestamp = {2012.12.10}
}

@TECHREPORT{V2bistream,
  author = {Anil Telikepalli},
  title = {{Is Your FPGA Design Secure?}},
  institution = {{Xilinx}},
  year = {2003},
  type = {{XCell Journal}},
  month = {Fall}
}

@MISC{optim_tb_fminunc,
  author = {{The MathWorks, Inc.}},
  title = {{MATLAB R2011b Documentation, Optimization Toolbox, fminunc}},
  howpublished = {Website as of February 2012},
  bdsk-url-1 = {http://www.mathworks.de/help/toolbox/optim/ug/fminunc.html},
  owner = {david},
  timestamp = {2012.02.28},
  note = {\url{http://www.mathworks.de/help/toolbox/optim/ug/fminunc.html}}
}

@ARTICLE{opencard_article,
  author = {{The Prague Post}},
  title = {{City faces big fine for OpenCard}},
  year = {2010},
  month = {December},
  note = {\url{http://www.praguepost.com/news/6622-city-faces-big-fine-for-opencard.html}},
  owner = {david},
  timestamp = {2013.04.23}
}

@BOOK{foc,
  title = {Fundamentals of Cryptology},
  publisher = {Kluwer Academic Publishers},
  year = {2000},
  author = {Henk C:A: van Tilborg},
  isbn = {0792386752},
  owner = {stefan},
  timestamp = {2009.10.29}
}

@TECHREPORT{comcast,
  author = {todo},
  title = {{Comcast Motorola DCT 2224/1662 Cable Box}},
  institution = {{COMCAST}},
  year = {todo},
  month = {todo},
  bdsk-url-1 = {todo},
  url = {todo}
}

@TECHREPORT{vir4bs05,
  author = {Chen Wei Tseng},
  title = {{Lock Your Designs with the Virtex-4 Security Solution}},
  institution = {{Xilinx}},
  year = {2005},
  type = {{XCell Journal}},
}

@ELECTRONIC{CounterfeitReport,
  author = {{United Nations Office on Drugs and Crime}},
  year = {2013},
  title = {{Counterfeit Goods - A bargain or a costly mistake?}},
  howpublished = {Fact Sheet},
  note = {\url{http://www.unodc.org/documents/toc/factsheets/TOC12_fs_counterfeit_EN_HIRES.pdf}},
  owner = {david},
  timestamp = {2011.02.04}
}

@ELECTRONIC{lightning_teardown,
  author = {{United Nations Office on Drugs and Crime}},
  month = {October},
  year = {2012},
  title = {{Inside the Apple Lightning Cable}},
  howpublished = {Website as of October 2012},
  note = {\url{http://www.chipworks.com/blog/recentteardowns/2012/10/15/inside-the-apple-lightning-cable/}},
  owner = {david},
  timestamp = {2011.02.04}
}

@MASTERSTHESIS{Vamanu2012,
  author = {Loredana Vamanu},
  title = {{Formal Analysis of Yubikey}},
  school = {INRIA},
  year = {2012},
  owner = {brichter},
  timestamp = {2012.12.19}
}

@INPROCEEDINGS{hitag2usenix,
  author = {Verdult, Roel and Garcia, Flavio D. and Balasch, Josep},
  title = {{Gone in 360 seconds: Hijacking with Hitag2}},
  booktitle = {{USENIX Security Symposium}},
  year = {2012},
  pages = {237--252},
  month = {August},
  publisher = {USENIX Association},
  note = {\url{https://www.usenix.org/system/files/conference/usenixsecurity12/sec12-final95.pdf}},
  owner = {david},
  timestamp = {2013.04.16}
}

@TECHREPORT{crystal,
  author = {Vishay},
  title = {{Resistance Welded Miniature Crystal Units - data sheet}},
  year = {2010},
  note = {\url{http://www.vishay.com/docs/35020/xtum1.pdf}}
}

@MANUAL{bat43_datasheet,
  title = {{BAT43 Schottky Diode Datasheet}},
  author = {{Vishay Semiconductors, Inc.}},
  owner = {david},
  timestamp = {2011.03.03}
}

@MANUAL{bat48_datasheet,
  title = {{BAT48 Schottky Diode Datasheet}},
  author = {{Vishay Semiconductors, Inc.}},
  owner = {david},
  timestamp = {2011.03.03}
}

@MISC{VarianceMathworld,
  author = {Weisstein, Eric W.},
  title = {{Variance}},
  howpublished = {{Mathworld - A Wolfram Web Resource}},
  month = {December},
  year = {2010},
  note = {\url{http://mathworld.wolfram.com/Variance.html}},
  bdsk-url-1 = {http://mathworld.wolfram.com/Variance.html},
  owner = {do},
  timestamp = {2010.12.07},
}

@MISC{detica_report,
  author = {{Detica Limited}},
  title = {{The Cost of Cybercrime}},
  howpublished = {{Report in partnership with the office of cyber security and information}},
  year = {2011},
  note = {\url{https://www.gov.uk/government/uploads/system/uploads/attachment_data/file/60942/THE-COST-OF-CYBER-CRIME-SUMMARY-FINAL.pdf}},
  owner = {do},
  timestamp = {2010.12.07},
}

@MISC{avtest,
  author = {{AV-Test}},
  title = {{Malware statistics}},
  howpublished = {{Report}},
  year = {2013},
  note = {\url{http://www.av-test.org/statistiken/malware/}},
  owner = {do},
  timestamp = {2010.12.07},
}

@MISC{inet_users,
  author = {{International Telecommunication Union}},
  title = {{Internet users per 100 inhabitants, 2001-2011}},
  howpublished = {{ITU World Telecommunication / ICT Indicators database}},
  year = {2011},
  note = {\url{http://www.av-test.org/statistiken/malware/}},
  owner = {do},
  timestamp = {2010.12.07},
}

@ARTICLE{aesBlinks, 
	author={Ferrigno, J. and Hlavac, M.}, 
	journal={Information Security, IET}, 
	title={{When AES blinks: introducing optical side channel}}, 
	year={2008}, 
	volume={2}, 
	number={3}, 
	pages={94-98}, 
	doi={10.1049/iet-ifs:20080038}, 
	ISSN={1751-8709}
}

@book{underst_crypto,
  author    = {Christof Paar and
               Jan Pelzl},
  title     = {{Understanding Cryptography -- A Textbook for Students and
               Practitioners}},
  publisher = {Springer},
  year      = {2010},
  isbn      = {978-3-642-04100-6},
}

@MISC{detica_report_discussion,
  author = {Tom Brewster},
  title = {{Does cyber crime really cost \pounds 27 billion a year?}},
  howpublished = {{Article on ITPro}},
  year = {2011},
  note = {\url{http://www.itpro.co.uk/631189/does-cyber-crime-really-cost-27-billion-a-year}},
  owner = {do},
  timestamp = {2010.12.07},
}

@MISC{wiki:diffman,
  author = {Wikipedia},
  title = {{Differential Manchester encoding --- Wikipedia{,} The Free Encyclopedia}},
  year = {2012},
  note = {[Online; accessed 12-November-2012]},
  bdsk-url-1 = {http://en.wikipedia.org/w/index.php?title=Differential_Manchester_encoding&oldid=502836077},
  owner = {david},
  timestamp = {2013.04.16},
  url = {\url{http://en.wikipedia.org/w/index.php?title=Differential_Manchester_encoding&oldid=502836077}}
}

 @misc{ wiki:cnf,
   author = {{Wikipedia}},
   title = {{Conjunctive normal form --- Wikipedia{,} The Free Encyclopedia}},
   year = "2015",
   url = "\url{https://en.wikipedia.org/w/index.php?title=Conjunctive_normal_form&oldid=691808327}",
   note = "[Online; accessed 17-January-2016]"
 }
 
  @misc{ wiki:anf,
   author = {{Wikipedia}},
   title = {{Algebraic normal form --- Wikipedia{,} The Free Encyclopedia}},
   year = "2015",
   url = "\url{https://en.wikipedia.org/w/index.php?title=Algebraic_normal_form&oldid=666467874}",
   note = "[Online; accessed 17-January-2016]"
 }
 
 @misc{ wiki:karnaugh,
   author = {{Wikipedia}},
   title = {{Karnaugh map --- Wikipedia{,} The Free Encyclopedia}},
   year = "2016",
   url = "\url{https://en.wikipedia.org/w/index.php?title=Karnaugh_map&oldid=698519257}",
   note = "[Online; accessed 17-January-2016]"
 }
 
  @misc{ wiki:dnf,
   author = {{Wikipedia}},
   title = {{Disjunctive normal form --- Wikipedia{,} The Free Encyclopedia}},
   year = "2016",
   url = "\url{https://en.wikipedia.org/w/index.php?title=Disjunctive_normal_form&oldid=698548938}",
   note = "[Online; accessed 17-January-2016]"
 }

@MISC{wiki_csc,
  author = {Wikipedia},
  title = {{Contactless Smart Card --- Wikipedia{,} The Free Encyclopedia}},
  year = {2011},
  note = {[Online; accessed 5-March-2011]},
  bdsk-url-1 = {http://en.wikipedia.org/w/index.php?title=Contactless_smart_card&oldid=416928005},
  owner = {david},
  timestamp = {2013.04.16},
  url = {http://en.wikipedia.org/w/index.php?title=Contactless_smart_card&oldid=416928005}
}

@MISC{wiki:meanCov,
  author = {Wikipedia},
  title = {{Sample Mean and Sample Covariance --- Wikipedia{,} The Free Encyclopedia}},
  year = {2011},
  note = {[Online; accessed 1-April-2011]},
  bdsk-url-1 = {http://en.wikipedia.org/w/index.php?title=Sample_mean_and_sample_covariance&oldid=414496450},
  owner = {david},
  timestamp = {2013.04.16},
  url = {http://en.wikipedia.org/w/index.php?title=Sample_mean_and_sample_covariance&oldid=414496450}
}

@MISC{wiki:mifare,
  author = {Wikipedia},
  title = {{MIFARE --- Wikipedia, The Free Encyclopedia}},
  year = {2011},
  note = {[Online; accessed 25-March-2011]},
  bdsk-url-1 = {http://en.wikipedia.org/w/index.php?title=MIFARE&oldid=420457157},
  owner = {david},
  timestamp = {2013.04.16},
  url = {http://en.wikipedia.org/w/index.php?title=MIFARE&oldid=420457157}
}

@ARTICLE{Wollinger04,
  author = {Thomas J. Wollinger and Jorge Guajardo and Christof Paar},
  title = {{Security on FPGAs: State-of-the-art implementations and attacks}},
  journal = {{ACM} Transactions in Embedded Computing Systems (TECS)},
  year = {2004},
  volume = {3},
  pages = {534-574},
  number = {3}
}

@INPROCEEDINGS{dtw_sca,
  author = {Jasper G. J. van Woudenberg and Marc F. Witteman and Bram Bakker},
  title = {{Improving Differential Power Analysis by Elastic Alignment}},
  booktitle = {Topics in Cryptology -- CT-RSA'11},
  year = {2011},
  volume = {6558},
  series = {LNCS},
  pages = {104--119},
  publisher = {Springer},
  bibsource = {DBLP, http://dblp.uni-trier.de},
  ee = {http://dx.doi.org/10.1007/978-3-642-19074-2_8},
  owner = {do},
  timestamp = {2011.03.05}
}

@MANUAL{spartan3_ds,
  title = {{Spartan-3 FPGA Family Data Sheet}},
  author = {{Xilinx, Inc.}},
  edition = {v 2.4},
  month = {June},
  year = {2008},
  bdsk-url-1 = {http://www.xilinx.com/support/documentation/data_sheets/ds099.pdf},
  owner = {david},
  timestamp = {2009.08.24},
  note = {\url{http://www.xilinx.com/support/documentation/data_sheets/ds099.pdf}}
}

@MANUAL{spartan3_kit_doc,
  title = {{Spartan-3 FPGA Starter Kit Board User Guide}},
  author = {{Xilinx, Inc.}},
  edition = {v 1.2},
  month = {June},
  year = {2008},
  bdsk-url-1 = {http://www.xilinx.com/support/documentation/boards_and_kits/ug130.pdf},
  owner = {david},
  timestamp = {2009.08.13},
  note = {\url{http://www.xilinx.com/support/documentation/boards_and_kits/ug130.pdf}}
}

@MANUAL{x7_userguide,
  title = {{7 Series FPGAs Configuration User Guide}},
  author = {{Xilinx, Inc.}},
  edition = {v 1.6},
  month = {January},
  year = {2013},
  owner = {david},
  timestamp = {2009.08.13},
  note = {\url{http://www.xilinx.com/support/documentation/user_guides/ug470_7Series_Config.pdf}}
}

@TECHREPORT{V2DS038,
  author = {{Xilinx}},
  title = {{Virtex-II Pro Platform FPGAs: Complete Data Sheet (DS 083 version
	4.7)}},
  year = {2007},
  month = {November},
  note = {\url{http://www.xilinx.com/support/documentation/data_sheets/ds083.pdf}}
}

@TECHREPORT{V2UG07,
  author = {{Xilinx}},
  title = {{Virtex-2 Platform FPGA User Guide (UG002 version 2.2)}},
  year = {2007},
  month = {November},
  note = {\url{http://www.xilinx.com/support/documentation/user_guides/ug002.pdf}}
}

@TECHREPORT{xilinxv2pug,
  author = {{Xilinx}},
  title = {{Virtex-II Pro and Virtex-II Pro X FPGA User Guide}},
  year = {2007},
  note = {\url{http://www.xilinx.com/support/documentation/user_guides/ug012.pdf}}
}

@TECHREPORT{xilinxwp155,
  author = {{Xilinx}},
  title = {{White Paper WP155: Triple DES Encryption in Selected Virtex-II Devices}},
  year = {2002},
  note = {\url{http://www.xilinx.com/support/documentation/application_notes/xapp766.pdf}}
}

@ELECTRONIC{dod,
  author = {Yubico},
  title = {{Yubico Reference Customers: Department of Defense}},
  note = {http://www.yubico.com/about/reference-customers/department-defence/},
  owner = {brichter},
  timestamp = {2012.12.19}
}

@ELECTRONIC{perstool,
  author = {Yubico},
  title = {Download of personalisation tool},
  year = {2013},
  month = {April},
  howpublished = {Website},
  note = {http://www.yubico.com/products/services-software/personalization-tools/},
  owner = {brichter},
  timestamp = {2013.01.14}
}

@MANUAL{SecEval,
  title = {Yubikey Security Evaluation Version 2.0},
  author = {Yubico},
  year = {2013},
  month = {April},
  howpublished = {Website},
  owner = {brichter},
  timestamp = {2012.12.19}
}

@ELECTRONIC{video,
  author = {Yubico},
  year = {2013},
  month = {April},
  howpublished = {Website},
  title = {{How YubiKeys are manufactured}},
  note = {https://www.youtube.com/watch?v=s8\_I1-ErZSQ},
  owner = {brichter},
  timestamp = {2012.12.10}
}

@ELECTRONIC{yubico,
  author = {Yubico},
  year = {2013},
  month = {April},
  howpublished = {Website},
  organization = {Yubico},
  note = {\url{www.yubico.com}},
  bdsk-url-1 = {www.yubico.com},
  owner = {brichter},
  timestamp = {2012.11.14}
}

@ELECTRONIC{yubikey_neo,
  author = {Yubico},
  year = {2013},
  month = {February},
  howpublished = {Website},
  title = {{YubiKey NEO}},
  note = {\url{http://www.yubico.com/products/yubikey-hardware/yubikey-neo/}},
  bdsk-url-1 = {http://www.yubico.com/products/yubikey-hardware/yubikey-neo/},
  owner = {brichter},
  timestamp = {2012.12.10}
}

@MANUAL{YubiMan,
  title = {The YubiKey Manual},
  author = {Yubico},
  organization = {Yubico},
  month = {May},
  year = {2012},
  owner = {brichter},
  timestamp = {2012.11.14}
}

@MISC{12F683UV,
  author = {Andrew Zonenberg},
  title = {{Microchip PIC12F683 teardown}},
  year = {2011},
  note = {available at \url{siliconexposed.blogspot.de/2011/03/microchip-pic12f683-teardown.html}},
  owner = {falk},
  timestamp = {2012.09.20}
}

@ELECTRONIC{ztex_fpga,
  author = {{ZTEX GmbH}},
  year = {2013},
  month = {February},
  title = {{USB FPGA Module 1.11: Spartan 6 FPGA Board with USB 2.0 Microcontroller
	and 64 MByte DDR SDRAM}},
  howpublished = {Website},
  note = {\url{http://www.ztex.de/usb-fpga-1/usb-fpga-1.11.e.html}},
  bdsk-url-1 = {http://www.ztex.de/usb-fpga-1/usb-fpga-1.11.e.html},
  owner = {david},
  timestamp = {2011.02.03}
}

@PROCEEDINGS{DBLP:conf/wistp/2011,
  title = {Information Security Theory and Practice. Security and Privacy of
	Mobile Devices in Wireless Communication - 5th IFIP WG 11.2 International
	Workshop, WISTP 2011, Heraklion, Crete, Greece, June 1-3, 2011. Proceedings},
  year = {2011},
  editor = {Claudio Agostino Ardagna and Jianying Zhou},
  volume = {6633},
  series = {LNCS},
  publisher = {Springer},
  bibsource = {DBLP, http://dblp.uni-trier.de},
  booktitle = {WISTP},
  ee = {http://dx.doi.org/10.1007/978-3-642-21040-2},
  isbn = {978-3-642-21039-6}
}

@PROCEEDINGS{Sauveron2007,
  title = {{Information Security Theory and Practices. Smart Cards, Mobile and
	Ubiquitous Computing Systems, First IFIP TC6 / WG 8.8 / WG 11.2 International
	Workshop, WISTP 2007, Heraklion, Crete, Greece, May 9-11, 2007, Proceedings}},
  year = {2007},
  editor = {Damien Sauveron and Constantinos Markantonakis and Angelos Bilas
	and Jean-Jacques Quisquater},
  volume = {4462},
  series = {LNCS},
  publisher = {Springer},
  bibsource = {DBLP, http://dblp.uni-trier.de},
  booktitle = {WISTP},
  isbn = {978-3-540-72353-0},
  owner = {david},
  timestamp = {2009.08.10}
}

@MISC{CRCModbus16,
  title = {{On-line CRC calculation and free library}},
  note = {\url{http://www.lammertbies.nl/comm/info/crc-calculation.html}},
  owner = {pawel},
  timestamp = {2012.09.20}
}

@MISC{DSB-URL,
  title = {{Defense Science Board}},
  howpublished = {\url{http://www.acq.osd.mil/dsb/}},
  owner = {Andy},
  timestamp = {2008.12.11}
}

@MISC{IDA,
  title = {{IDA Disassembler and Debugger}},
  autor = {{Hex-Rays SA}},
  howpublished = {Website as of April 2013},
  note = {\url{https://www.hex-rays.com/products/ida/index.shtml}},
  owner = {pawel},
  timestamp = {2012.09.20}
}

@MISC{ISE,
  title = {{Xilinx ISE Design Suite}},
  howpublished = {\url{http://www.xilinx.com/tools/designtools.htm}}
}

@inproceedings{Moradi13,
 author = {Moradi, Amir and Oswald, David and Paar, Christof and Swierczynski, Pawel},
 title = {{Side-channel attacks on the bitstream encryption mechanism of Altera Stratix II: facilitating black-box analysis using software reverse-engineering}},
 booktitle = {Proceedings of the ACM/SIGDA international symposium on Field programmable gate arrays -- FPGA'13},
 year = {2013},
 isbn = {978-1-4503-1887-7},
 location = {Monterey, California, USA},
 pages = {91--100},
 numpages = {10},
 doi = {10.1145/2435264.2435282},
 publisher = {ACM},
 address = {New York, NY, USA}
} 


@Article{Swierczynski14,
  Title                    = {{Physical Security Evaluation of the Bitstream Encryption Mechanism of Altera Stratix II and Stratix III FPGAs}},
  Author                   = {Swierczynski, Pawel and Moradi, Amir and Oswald, David and Paar, Christof},
  Journal                  = {ACM Trans. Reconfigurable Technol. Syst.},
  Year                     = {2014},

  Month                    = dec,
  Number                   = {4},
  Pages                    = {34:1--34:23},
  Volume                   = {7},

  Acmid                    = {2629462},
  Address                  = {New York, NY, USA},
  Articleno                = {34},
  Doi                      = {10.1145/2629462},
  ISSN                     = {1936-7406},
  Issue_date               = {January 2015},
  Numpages                 = {23},
  Publisher                = {ACM},
  Url                      = {http://www.emsec.rub.de/media/crypto/veroeffentlichungen/2014/03/03/DPA_Altera_Bitstream.pdf}
}

@article{EisenbarthPW10,
  author    = {Thomas Eisenbarth and
               Christof Paar and
               Bj{\"o}rn Weghenkel},
  title     = {{Building a Side Channel Based Disassembler}},
  journal   = {Transactions on Computational Science X - Special Issue on Security in Computing, Part I},
  volume    = {6340},
  year      = {2010},
  pages     = {78-99},
  publisher = {Springer},
  series    = {LNCS},
  isbn      = {978-3-642-17498-8},
}

@incollection{Bri12,
	year={2012},
	isbn={978-3-642-33026-1},
	booktitle={Cryptographic Hardware and Embedded Systems -- CHES'12},
	volume={7428},
	series={LNCS},
	editor={Prouff, Emmanuel and Schaumont, Patrick},
	doi={10.1007/978-3-642-33027-8_1},
	title={{3D Hardware Canaries}},
	publisher={Springer},
	author={Briais, S\'{e}bastien and Caron, St\'{e}phane and Cioranesco, Jean-Michel and Danger, Jean-Luc and Guilley, Sylvain and Jourdan, Jacques-Henri and Milchior, Arthur and Naccache, David and Porteboeuf, Thibault},
	pages={1-22}
}



@MISC{sasebo,
  title = {{Side-channel Attack Standard Evaluation Board (SASEBO)}},
  howpublished = {\url{http://www.rcis.aist.go.jp/special/SASEBO/}},
  date-added = {2009-07-30 14:57:04 +0800},
  date-modified = {2009-07-30 14:58:14 +0800}
}

@MISC{SEAGATE-TROJAN,
  title = {Maxtor Basics Personal Storage 3200},
  howpublished = {\url{http://www.seagate.com/www/en-us/support/downloads/personal_storage/ps3200-sw}}
}

@TECHREPORT{AN341,
  title = {{AN 341: Using the Design Security Feature in Stratix II and Stratix
	II GX Devices}},
  institution = {{Altera}},
  year = {2009},
  note = {\url{http://www.altera.com/literature/an/an341.pdf}},
  owner = {pawel},
  timestamp = {2012.09.20}
}

@TECHREPORT{StratixIIFULLHB,
  title = {{Stratix II Device Handbook, Volume 1}},
  institution = {{Altera}},
  year = {2007},
  note = {\url{http://www.altera.com/literature/hb/stx2/stratix2_handbook.pdf}},
  owner = {pawel},
  timestamp = {2012.09.20}
}

@ARTICLE{jtagIEEE,
  title = {{IEEE Standard Test Access Port and Boundary-Scan Architecture}},
  journal = {IEEE Std 1149.1-2001},
  year = {2001},
  pages = {i -200},
  bdsk-url-1 = {http://dx.doi.org/10.1109/IEEESTD.2001.92950},
  doi = {10.1109/IEEESTD.2001.92950}
}

@incollection{Pop05,
	year={2005},
	isbn={978-3-540-28474-1},
	booktitle={Cryptographic Hardware and Embedded Systems -- CHES'05},
	volume={3659},
	series={LNCS},
	editor={Rao, Josyula R. and Sunar, Berk},
	doi={10.1007/11545262_13},
	title={{Masked Dual-Rail Pre-charge Logic: DPA-Resistance Without Routing Constraints}},
	publisher={Springer},
	author={Popp, Thomas and Mangard, Stefan},
	pages={172-186}
}

@incollection{Sur99,
	year={1999},
	isbn={978-3-540-66347-8},
	booktitle={Advances in Cryptology -- CRYPTO'99},
	volume={1666},
	series={LNCS},
	editor={Wiener, Michael},
	doi={10.1007/3-540-48405-1_26},
	title={{Towards Sound Approaches to Counteract Power-Analysis Attacks}},
	url={http://dx.doi.org/10.1007/3-540-48405-1_26},
	publisher={Springer},
	author={Chari, Suresh and Jutla, Charanjit S. and Rao, Josyula R. and Rohatgi, Pankaj},
	pages={398-412},
}

@incollection{Cor00,
	year={2000},
	isbn={978-3-540-41455-1},
	booktitle={Cryptographic Hardware and Embedded Systems -- CHES'00},
	volume={1965},
	series={LNCS},
	editor={Ko\c{c}, \c{C}etin K. and Paar, Christof},
	doi={10.1007/3-540-44499-8_18},
	title={{On Boolean and Arithmetic Masking against Differential Power Analysis}},
	publisher={Springer},
	author={Coron, Jean-S\'{e}bastien and Goubin, Louis},
	pages={231-237},
}

@incollection{Riv10,
	year={2010},
	isbn={978-3-642-15030-2},
	booktitle={Cryptographic Hardware and Embedded Systems -- CHES'10},
	volume={6225},
	series={LNCS},
	editor={Mangard, Stefan and Standaert, Fran\c{c}ois-Xavier},
	doi={10.1007/978-3-642-15031-9_28},
	title={{Provably Secure Higher-Order Masking of AES}},
	publisher={Springer},
	author={Rivain, Matthieu and Prouff, Emmanuel},
	pages={413-427}
}

@inproceedings{Vey12,
	 author = {Veyrat-Charvillon, Nicolas and Medwed, Marcel and Kerckhof, St{\'e}phanie and Standaert, Fran\c{c}ois-Xavier},
	 title = {Shuffling against side-channel attacks: a comprehensive study with cautionary note},
	 booktitle = {Proceedings of the 18th international conference on The Theory and Application of Cryptology and Information Security -- ASIACRYPT'12},
	 series = {LNCS},
	 year = {2012},
	 isbn = {978-3-642-34960-7},
	 pages = {740--757},
	 numpages = {18},
	 doi = {10.1007/978-3-642-34961-4_44},
	 publisher = {Springer},
} 

@MISC{Daemen99,
    author = {Joan Daemen and Vincent Rijmen},
    title = {{AES Proposal: Rijndael}},
    year = {1999},
		note = {\url{http://csrc.nist.gov/archive/aes/rijndael/Rijndael-ammended.pdf}},
}

@article{Coll02,
	author = {Collberg, Christian S. and Thomborson, Clark},
	journal = {IEEE Trans. Softw. Eng.},
	volume = {28},
	number = {8},
	month = {August},
	year = {2002},
	issn = {0098-5589},
	pages = {735--746},
	numpages = {12},
	doi = {10.1109/TSE.2002.1027797},
	publisher = {IEEE Press},
	title = {{Watermarking, tamper-proofing, and obfuscation: Tools for software protection}}
} 

@incollection{Mes00,
	year={2000},
	isbn={978-3-540-41455-1},
	booktitle={Cryptographic Hardware and Embedded Systems -- CHES'00},
	volume={1965},
	series={LNCS},
	editor={Ko\c{c}, \c{C}etin K. and Paar, Christof},
	doi={10.1007/3-540-44499-8_19},
	title={{Using Second-Order Power Analysis to Attack DPA Resistant Software}},
	publisher={Springer},
	author={Messerges, Thomas S.},
	pages={238-251},
}


@incollection{Bar01,
	year={2001},
	isbn={978-3-540-42456-7},
	booktitle={Advances in Cryptology -- CRYPTO'01},
	volume={2139},
	series={LNCS},
	editor={Kilian, Joe},
	doi={10.1007/3-540-44647-8_1},
	title={On the (Im)possibility of Obfuscating Programs},
	publisher={Springer},
	author={Barak, Boaz and Goldreich, Oded and Impagliazzo, Rusell and Rudich, Steven and Sahai, Amit and Vadhan, Salil and Yang, Ke},
	pages={1-18},
}

@INPROCEEDINGS{Benz12, 
	author={Benz, F. and Seffrin, A. and Huss, S.A.}, 
	booktitle={22nd International Conference on Field Programmable Logic and Applications -- FFL'12}, 
	title={Bil: A tool-chain for bitstream reverse-engineering}, 
	year={2012}, 
	pages={735-738},  
	doi={10.1109/FPL.2012.6339165}
}

@MISC{debit,
	title = {{debit -- Reverse-engineering tools for FPGA bitstreams}},
	autor = {{Google Code}},
	howpublished = {Website as of May 23, 2013},
	note = {\url{https://code.google.com/p/debit/}},
	timestamp = {2012.09.20}
}

@MISC{degate,
	title = {{degate -- VLSI reverse engineering of digital logic in integrated circuits}},
	autor = {Martin Schobert},
	howpublished = {Website as of June 1, 2013},
	note = {\url{http://www.degate.org/}},
	timestamp = {2012.09.20}
}

@MISC{ieee_car,
	title = {{This Car Runs on Code}},
	autor = {{Robert N. Charette}},
	howpublished = {Article in IEEE Spectrum},
	year = {2009},
	month = {February},
	day = {1},
	note = {\url{http://spectrum.ieee.org/green-tech/advanced-cars/this-car-runs-on-code}},
	timestamp = {2012.09.20}
}

@article{Bae11,
	author = {Meyer-B\"a{a}se, Uwe and Castillo, Encarni and Botella, Guillermo and Parrilla, L. and Garcia, Antonio},
	title = {{Intellectual property protection (IPP) using obfuscation in C, VHDL, and Verilog coding}},
	journal = {SPIE Proceedings Independent Component Analyses, Wavelets, Neural Networks, Biosystems, and Nanoengineering IX},
	volume = {8058},
	year = {2011},
	doi = {10.1117/12.884142},
}

@MISC{intel22nm,
	title = {{Intel's 22nm Tri-gate Transistors Exposed}},
	autor = {{Chipworks Inc.}},
	howpublished = {Website as of May 23, 2013},
	note = {\url{http://www.chipworks.com/blog/technologyblog/2012/04/23/intels-22-nm-tri-gate-transistors-exposed/}},
	timestamp = {2012.09.20}
}

@MISC{alteraAdv,
	title = {{Protecting Intellectual Property Through FPGA Design Security}},
	autor = {{Altera}},
	howpublished = {Advertorial},
	note = {\url{http://www.altera.com/literature/ads/fpgadesignsecurity.pdf}},
	timestamp = {2012.09.20}
}

@inproceedings{Note08,
	author = {Note, Jean-Baptiste and Rannaud, \'{E}ric},
	title = {From the bitstream to the netlist},
	booktitle = {Proceedings of the 16th international ACM/SIGDA symposium on Field programmable gate arrays -- FPGA'08},
	year = {2008},
	isbn = {978-1-59593-934-0},
	location = {Monterey, California, USA},
	pages = {264--264},
	numpages = {1},
	doi = {10.1145/1344671.1344729},
	publisher = {ACM},
} 

@incollection{Dur13,
	year={2013},
	isbn={978-3-642-37287-2},
	booktitle={Smart Card Research and Advanced Applications -- CARDIS'12},
	volume={7771},
	series={LNCS},
	editor={Mangard, Stefan},
	doi={10.1007/978-3-642-37288-9_9},
	title={{Efficient Removal of Random Delays from Embedded Software Implementations Using Hidden Markov Models}},
	publisher={Springer},
	author={Durvaux, Fran\c{c}ois and Renauld, Mathieu and Standaert, Fran\c{c}ois-Xavier and Oldeneel tot Oldenzeel, Loic and Veyrat-Charvillon, Nicolas},
	pages={123-140}
}











